@techreport{acar2007nonoblivious,
    AUTHOR      = {Acar, Umut A. and Blelloch, Guy and Tangwongsan, Kanat},
    TITLE       = {Non-oblivious Retroactive Data Structures},
    INSTITUTION = {Carnegie Mellon University, School of Computer Science},
    NUMBER      = {CMU-CS-07-169},
    YEAR        = {2007}
}

@techreport{agha1985actors,
    AUTHOR      = {Agha, Gul A.},
    TITLE       = {{Actors: A Model Of Concurrent Computation In Distributed Systems}},
    INSTITUTION = {MIT Artificial Intelligence Laboratory},
    NUMBER      = {AITR-844},
    YEAR        = {1985}
}

@article{allen1983maintaining,
    AUTHOR      = {Allen, James F.},
    TITLE       = {{Maintaining Knowledge about Temporal Intervals}},
    JOURNAL     = {Communications of the ACM},
    VOLUME      = {26},
    NUMBER      = {11},
    PAGES       = {832--843},
    YEAR        = {1983}
}

@article{allen1984towards,
    AUTHOR      = {Allen, James F.},
    TITLE       = {{Towards a General Theory of Action and Time}},
    JOURNAL     = {Artificial Intelligence},
    VOLUME      = {23},
    NUMBER      = {2},
    PAGES       = {123--154},
    YEAR        = {1984}
}

@inproceedings{allombert2006concurrent,
    AUTHOR      = {Allombert, Antoine and Assayag, G{\'e}rard and Desainte-Catherine, Myriam and Rueda, Camilo},
    TITLE       = {Concurrent constraints models for interactive scores},
    BOOKTITLE   = {Proceedings of the 3rd Sound and Music Computing Conference (SMC)},
    ADDRESS     = {Marseille},
    PAGES       = {14:1--14:8},
    YEAR        = {2006}
}

@inproceedings{allombert2008system,
    AUTHOR      = {Allombert, Antoine and Assayag, G{\'e}rard and Desainte-Catherine, Myriam and Laralde, Joseph},
    TITLE       = {A System of interactive scores based on qualitative and quantitative temporal constraints},
    BOOKTITLE   = {Proceedings of the 4th International Conference on Digital Arts (ARTECH)},
    ADDRESS     = {Porto},
    PAGES       = {1--8},
    YEAR        = {2008}
}

@inproceedings{allombert2010virage,
    AUTHOR      = {Allombert, Antoine and Marczak, Rafa{\"e}l and Desainte-Catherine, Myriam and Baltazar, Pascal and Garnier, Laurent},
    TITLE       = {Virage: Designing an interactive intermedia sequencer from users requirements and theoretical background},
    BOOKTITLE   = {Proceedings of the 36th International Computer Music Conference (ICMC)},
    ADDRESS     = {New York},
    YEAR        = {2010}
}

@inproceedings{alstrup1998marked,
    AUTHOR      = {Alstrup, Stephen and Husfeldt, Thore and Rauhe, Theis},
    TITLE       = {{Marked Ancestor Problems}},
    BOOKTITLE   = {Proceedings of the 39th Annual Symposium on Foundations of Computer Science},
    ORGANIZATION ={IEEE},
    PAGES       = {534--543},
    YEAR        = {1998}
}

@article{aluru1999dynamic,
    AUTHOR      = {Aluru, Srinivas and Sevilgen, Fatih E.},
    JOURNAL     = {Lecture Notes in Computer Science},
    TITLE       = {{Dynamic Compressed Hyperoctrees with Application to the N-body Problem}},
    PUBLISHER   = {Springer},
    VOLUME      = {1738},
    PAGES       = {21--33},
    YEAR        = {1999}
}

@book{amelunxen2008notation,
    TITLE       = {{Notation: Kalk{\"u}l und Form in den K{\"u}nsten (Catalog)}},
    EDITOR      = {Amelunxen, Hubertus and Appelt, Dieter and Weibel, Peter},
    ADDRESS     = {Berlin},
    PUBLISHER   = {Akademie der KÃ¼nste},
    YEAR        = {2008}
}

@article{ames1987automated,
    AUTHOR      = {Ames, Charles},
    TITLE       = {Automated Composition in Retrospect: 1956--1986},
    JOURNAL     = {Leonardo},
    VOLUME      = {20},
    NUMBER      = {2},
    PAGES       = {169--185},
    YEAR        = {1987},
    URL         = {http://www.jstor.org/stable/1578334}
}

@phdthesis{anders2007composing,
    AUTHOR      = {Anders, Torsten},
    TITLE       = {{Composing Music by Composing Rules: Design and Usage of a Generic Music Constraint System}},
    SCHOOL      = {School of Music \& Sonic Arts, Queen's University},
    ADDRESS     = {Belfast},
    YEAR        = {2007}
}

@incollection{andersen2003undecidability,
    AUTHOR      = {Andersen, Niels {\AA}kerstr{\o}m},
    TITLE       = {{The Undecidability of Decision}},
    EDITOR      = {Bakken, Tore and Hernes, Tor},
    BOOKTITLE   = {Autopoetic Organization Theory: Drawing on Niklas Luhmann's Social System Perspective},
    PUBLISHER   = {Abstrakt Forlag},
    ADDRESS     = {Oslo},
    PAGES       = {235--258},
    YEAR        = {2003}
}

@book{ashby1956introduction,
    TITLE       = {{An introduction to Cybernetics}},
    AUTHOR      = {Ashby, W. Ross},
    PUBLISHER   = {{Chapman \& Hall}},
    ADDRESS     = {London},
    YEAR        = {1956}
}

@article{austin1996goal,
    AUTHOR      = {Austin, James T. and Vancouver, Jeffrey B.},
    TITLE       = {{Goal Constructs in Psychology: Structure, Process, and Content}},
    JOURNAL     = {Psychological Bulletin},
    VOLUME      = {120},
    NUMBER      = {3},
    PAGES       = {338--375},
    YEAR        = {1996}
}

@article{baecker1996note,
    AUTHOR      = {Baecker, Dirk},
    TITLE       = {A {N}ote on {C}omposition},
    JOURNAL     = {Systems Research},
    VOLUME      = {13},
    PAGES       = {195--203},
    YEAR        = {1996},
    doi         = {10.1002/(SICI)1099-1735(199609)13:3<195::AID-SRES97>3.0.CO;2-G}
}

@book{barad2007meeting,
    AUTHOR      = {Barad, Karen},
    TITLE       = {Meeting the universe halfway: Quantum physics and the entanglement of matter and meaning},
    PUBLISHER   = {Duke University Press},
    ADDRESS     = {Durham \& London},
    YEAR        = {2007}
}

@article{barad2014diffracting,
    AUTHOR      = {Barad, Karen},
    TITLE       = {Diffracting Diffraction: Cutting Together-Apart},
    JOURNAL     = {Parallax},
    VOLUME      = {20},
    NUMBER      = {3},
    PAGES       = {168--187},
    YEAR        = {2014},
    doi         = {10.1080/13534645.2014.927623}
}

@article{bateson1956toward,
    AUTHOR      = {Bateson, Gregory and Jackson, Don D. and Haley, Jay and Weakland, John},
    TITLE       = {Toward a {T}heory of {S}chizophrenia},
    JOURNAL     = {Behavioral Science},
    VOLUME      = {1},
    NUMBER      = {4},
    PAGES       = {251--264},
    YEAR        = {1956}
}

@techreport{becker1995kuenstlerische,
    AUTHOR      = {Becker, Barbara and Eckel, Gerhard},
    TITLE       = {{K{\"u}nstlerische Imagination und Neue Medien: Zur Nutzung von Computersystemen in der Zeitgen{\"o}ssischen Musik}},
    NUMBER      = {Arbeitspapiere der GMD No. 960},
    INSTITUTION = {German National Research Center for Information Technology (GMD)},
    ADDRESS     = {St. Augustin},
    YEAR        = {1995}
}

@inproceedings{becker1996use,
    AUTHOR      = {Becker, Barbara and Eckel, Gerhard},
    TITLE       = {{On the Use of Computer Systems in Contemporary Music}},
    BOOKTITLE   = {Proceedings of the 22nd {I}nternational {C}omputer {M}usic {C}onference ({ICMC})},
    ADDRESS     = {Hong Kong},
    PAGES       = {118--120},
    YEAR        = {1996}
}

@article{benamram1995pointer,
    AUTHOR      = {Ben-Amram, Amir M.},
    TITLE       = {What is a ``{P}ointer {M}achine''?},
    JOURNAL     = {ACM SIGACT News},
    VOLUME      = {26},
    NUMBER      = {2},
    PAGES       = {88--95},
    YEAR        = {1995}
}

@inproceedings{bender2000cache,
    AUTHOR      = {Bender, Michael A. and Demaine, Erik D. and Farach-Colton, Martin},
    TITLE       = {{Cache-Oblivious B-Trees}},
    BOOKTITLE   = {Proceedings of the 41st Annual Symposium on Foundations of Computer Science},
    ORGANIZATION = {IEEE},
    ADDRESS     = {Redondo Beach},
    PAGES       = {399--409},
    YEAR        = {2000}
}

@article{bender2002two,
    AUTHOR      = {Bender, Michael A. and Cole, Richard and Demaine, Erik D. and Farach-Colton, Martin and Zito, Jack},
    TITLE       = {{Two Simplified Algorithms for Maintaining Order in a List}},
    JOURNAL     = {Lecture Notes in Computer Science},
    PUBLISHER   = {Springer},
    VOLUME      = {2461},
    PAGES       = {152--164},
    YEAR        = {2002}
}

@book{benjamin1936kunstwerk,
    AUTHOR      = {Benjamin, Walter},
    TITLE       = {{Das Kunstwerk im Zeitalter seiner technischen Reproduzierbarkeit}},
    PUBLISHER   = {Suhrkamp},
    ADDRESS     = {Frankfurt a.M.},
    ORIGDATE    = {1936},
    YEAR        = {1963}
}

@book{bennett2010vibrant,
    AUTHOR      = {Bennett, Jane},
    TITLE       = {Vibrant matter: A political ecology of things},
    PUBLISHER   = {Duke University Press},
    ADDRESS     = {Durham and London},
    YEAR        = {2010}
}

@incollection{bense1967projekte,
    AUTHOR      = {Bense, Max},
    TITLE       = {Projekte generativer {\"A}sthetik},
    BOOKTITLE   = {Was ist Kybernetik? Grundbegriffe, Methoden, Anwendungen},
    EDITOR      = {von Cube, Felix},
    PUBLISHER   = {Sch{\"u}nemann},
    ADDRESS     = {Bremen},
    ORIGDATE    = {1965},
    OPTIONS     = {cmsdate=both},
    YEAR        = {1967}
}

@incollection{bense1971projects,
    TITLE       = {The projects of generative aesthetics},
    AUTHOR      = {Bense, Max},
    BOOKTITLE   = {Cybernetics, art, and ideas},
    EDITOR      = {Reichardt, Jaisa},
    PAGES       = {57--60},
    ADDRESS     = {Greenwich, CT},
    PUBLISHER   = {New York Graphic Society},
    ORIGDATE    = {1965},
    OPTIONS     = {cmsdate=both},
    YEAR        = {1971}
}

@article{bentley1975multidimensional,
    AUTHOR      = {Bentley, Jon Louis},
    TITLE       = {{Multidimensional Binary Search Trees Used for Associative Searching}},
    JOURNAL     = {Communications of the ACM},
    VOLUME      = {18},
    NUMBER      = {9},
    PAGES       = {509--517},
    YEAR        = {1975}
}

@book{bergson1910time,
    AUTHOR      = {Bergson, Henri},
    TITLE       = {{Time and Free Will}},
    SUBTITLE    = {{An essay on the Immediate Data of Consciousness}},
    TRANSLATOR  = {Pogson, Frank Lubecki},
    PUBLISHER   = {George Allen \& Unwin},
    ADDRESS     = {London},
    YEAR        = {1910}
}

@article{bertalanffy1950outline,
    AUTHOR      = {von Bertalanffy, Ludwig},
    TITLE       = {An outline of General System Theory},
    JOURNAL     = {The British Journal for the Philosophy of Science},
    VOLUME      = {1},
    NUMBER      = {2},
    PAGES       = {134--165},
    YEAR        = {1950}
}

@article{bertalanffy1972history,
    AUTHOR      = {von Bertalanffy, Ludwig},
    TITLE       = {{The History and Status of General Systems Theory}},
    JOURNAL     = {The Academy of Management Journal},
    VOLUME      = {15},
    NUMBER      = {4},
    PAGES       = {407--426},
    YEAR        = {1972}
}

@incollection{bhagwati2015musicking,
    AUTHOR      = {Bhagwati, Sandeep},
    TITLE       = {Musicking Beyond Algorithms},
    BOOKTITLE   = {Patterns of Intuition},
    EDITOR      = {Nierhaus, Gerhard},
    PUBLISHER   = {Springer},
    ADDRESS     = {Dordrecht, NL},
    PAGES       = {359--377},
    YEAR        = {2015},
    doi         = {10.1007/978-94-017-9561-6_17}
}

@book{biggs2011companion,
    TITLE       = {{The Routledge Companion to Research in the Arts}},
    EDITOR      = {Biggs, Michael and Karlsson, Henrik},
    ADDRESS     = {Abingdon and New York},
    PUBLISHER   = {Routledge},
    YEAR        = {2011}
}

@incollection{biggs2011communities,
    AUTHOR      = {Biggs, Michael and B{\"u}chler, Daniela},
    TITLE       = {{Communities, Values, Conventions and Actions}},
    BOOKTITLE   = {{The Routledge Companion to Research in the Arts}},
    EDITOR      = {Biggs, Michael and Karlsson, Henrik},
    ADDRESS     = {Abingdon and New York},
    PUBLISHER   = {Routledge},
    PAGES       = {82--98},
    YEAR        = {2011}
}

@article{blass2003algorithms,
    AUTHOR      = {Blass, Andreas and Gurevich, Yuri},
    TITLE       = {Algorithms: A Quest for Absolute Definitions},
    JOURNAL     = {Bulletin of the European Association for Theoretical Computer Science (EATCS)},
    VOLUME      = {81},
    PAGES       = {195--225},
    YEAR        = {2003}
}

@article{boehme1993atmosphere,
    AUTHOR      = {B{\"o}hme, Gernot},
    TITLE       = {Atmosphere as the fundamental concept of a new aesthetics},
    JOURNAL     = {Thesis Eleven},
    VOLUME      = {36}, 
    PAGES       = {113--126},
    YEAR        = {1993}
}

@incollection{boon2012scientific,
    AUTHOR      = {Boon, Mieke},
    TITLE       = {Scientific Concepts in the Engineering Sciences},
    BOOKTITLE   = {Scientific Concepts and Investigative Practice},
    EDITOR      = {Feest, Uljana and Steinle, Friedrich},
    PUBLISHER   = {De Gruyter-Verlag},
    ADDRESS     = {Berlin},
    PAGES       = {219--244},
    YEAR        = {2012}
}

@incollection{borgdorff2011production,
    AUTHOR      = {Borgdorff, Henk},
    TITLE       = {{The Production of Knowledge in Artistic Research}},
    BOOKTITLE   = {{The Routledge Companion to Research in the Arts}},
    EDITOR      = {Biggs, Michael and Karlsson, Henrik},
    ADDRESS     = {Abingdon and New York},
    PUBLISHER   = {Routledge},
    PAGES       = {44--63},
    YEAR        = {2011}
}

@book{borgdorff2012conflict,
    AUTHOR      = {Borgdorff, Henk},
    TITLE       = {The conflict of the faculties: Perspectives on artistic research and academia},
    PUBLISHER   = {Leiden University Press},
    ADDRESS     = {Leiden},
    YEAR        = {2012}
}

@book{bourriaud2009radicant,
    AUTHOR      = {Bourriaud, Nicolas},
    TITLE       = {The Radicant},
    PUBLISHER   = {Sternberg Press},
    ADDRESS     = {Berlin},
    YEAR        = {2009}
}

@inproceedings{bresson2006temporal,
    AUTHOR      = {Bresson, Jean and Agon, Carlos},
    TITLE       = {Temporal control over sound synthesis processes},
    BOOKTITLE   = {Proceedings of the 3rd Sound and Music Computing Conference (SMC)},
    ADDRESS     = {Marseille},
    PAGES       = {9:1--9:10},
    YEAR        = {2006}
}

@article{bresson2007musical,
    AUTHOR      = {Bresson, Jean and Agon, Carlos},
    TITLE       = {{Musical Representation of Sound in Computer-Aided Composition: A Visual Programming Framework}},
    JOURNAL     = {Journal of New Music Research},
    VOLUME      = {36},
    NUMBER      = {4},
    PAGES       = {251--266},
    YEAR        = {2007}
}

@article{bruen2000hold,
    AUTHOR      = {Br{\"u}n, Herbert},
    TITLE       = {... to hold discourse at least with a computer ...},
    JOURNAL     = {Cybernetics \& Human Knowing},
    VOLUME      = {7},
    NUMBER      = {4},
    PAGES       = {83--89},
    YEAR        = {2000},
    ORIGDATE    = {1973},
    OPTIONS     = {cmsdate=both},
    url         = {http://www.ingentaconnect.com/content/imp/chk/2000/00000007/00000004/72}
}

@inproceedings{burmako2013scala,
    AUTHOR      = {Burmako, Eugene},
    TITLE       = {Scala Macros: Let Our Powers Combine!},
    BOOKTITLE   = {Proceedings of the 4th Annual Scala Workshop},
    ADDRESS     = {New York},
    YEAR        = {2013}
}

@article{burroughs1978limits,
    TITLE       = {{The Limits of Control}},
    AUTHOR      = {Burroughs, William S.},
    JOURNAL     = {{Semiotext(e): Schizo-Culture}},
    VOLUME      = {III},
    NUMBER      = {2},
    PAGES       = {38--42},
    YEAR        = {1978}
}

@inproceedings{brodal2012fully,
    AUTHOR      = {Brodal, Gerth St{\o}lting and Tsakalidis, Konstantinos and Sioutas, Spyros and Tsichlas, Kostas},
    TITLE       = {{Fully Persistent B-Trees}},
    BOOKTITLE   = {Proceedings of the 23rd Annual ACM-SIAM Symposium on Discrete Algorithms (SODA)},
    ADDRESS     = {Kyoto},
    PAGES       = {602--614},
    YEAR        = {2012}
}

@inproceedings{bronson2010ccstm,
    AUTHOR      = {Bronson, Nathan G. and Chafi, Hassan and Olukotun, Kunle},
    TITLE       = {{CCSTM}: A library-based {STM} for {Scala}},
    BOOKTITLE   = {Proceedings of the {First Scala Workshop}},
    ADDRESS     = {Lausanne},
    YEAR        = {2010}
}

@inproceedings{burns2002tracing,
    AUTHOR      = {Burns, Christopher},
    TITLE       = {{Tracing Compositional Process: Software synthesis code as documentary evidence}},
    BOOKTITLE   = {Proceedings of the 28th {I}nternational {C}omputer {M}usic {C}onference ({ICMC})},
    ADDRESS     = {G{\"o}teborg},
    PAGES       = {568--571},
    YEAR        = {2002}
}

@inproceedings{canning1989fbounded,
    AUTHOR      = {Canning, P. and Cook, W. and Hill, W. and Olthoff, W. and Mitchell, J.C.},
    TITLE       = {{F-Bounded Polymorphism for Object-Oriented Programming}},
    BOOKTITLE   = {Proceedings of the fourth international conference on Functional programming languages and computer architecture},
    ORGANIZATION = {ACM},
    PAGES       = {273--280},
    YEAR        = {1989}
}

@techreport{cardle2004automated,
    AUTHOR      = {Cardle, Marc},
    TITLE       = {Automated Sound Editing},
    INSTITUTION = {Computer Laboratory, University of Cambridge},
    ADDRESS     = {Cambridge, UK},
    YEAR        = {2004}
}

@article{cattell2010scalable,
    AUTHOR      = {Cattell, Rick},
    TITLE       = {{Scalable SQL and NoSQL Data Stores}},
    JOURNAL     = {ACM SIGMOD Record},
    VOLUME      = {39},
    NUMBER      = {4},
    PAGES       = {12--27},
    YEAR        = {2010}
}

@misc{cellanjones2014hawking,
    AUTHOR      = {Cellan-Jones, Rory},
    TITLE       = {Stephen Hawking warns artificial intelligence could end mankind},
    HOWPUBLISHED = {BBC News},
    URL         = {http://www.bbc.com/news/technology-30290540},
    DATE        = {2014-12-02},
    URLDATE     = {2015-03-01}
}

@article{chadabe1984interactive,
    AUTHOR      = {Chadabe, Joel},
    TITLE       = {Interactive Composing: An Overview},
    JOURNAL     = {Computer Music Journal},
    VOLUME      = {8},
    NUMBER      = {1},
    PAGES       = {22--27},
    YEAR        = {1984},
    URL         = {http://www.jstor.org/stable/3679894}
}

@book{chandra2004music,
    EDITOR      = {Chandra, Arun},
    TITLE       = {When Music Resists Meaning: The Major Writings of Herbert Br{\"u}n},
    PUBLISHER   = {Wesleyan University Press},
    ADDRESS     = {Middletown, CT},
    YEAR        = {2004}
}

@article{charles1965entracte,
    AUTHOR      = {Charles, Daniel},
    TITLE       = {Entr'acte: {``F}ormal{''} or {``I}nformal{''} {M}usic?},
    JOURNAL     = {The Musical Quarterly},
    VOLUME      = {51},
    NUMBER      = {1},
    PAGES       = {144--165},
    YEAR        = {1965}
}

@incollection{checkland1999systems,
    AUTHOR      = {Checkland, Peter},
    TITLE       = {{Systems Thinking}},
    EDITOR      = {Currie, Wendy L. and Galliers, Robert},
    BOOKTITLE   = {{Rethinking Management Information Systems}},
    PUBLISHER   = {{Oxford University Press}},
    ADDRESS     = {New York},
    PAGES       = {45--56},
    YEAR        = {1999}
}

@article{checkland2000soft,
    AUTHOR      = {Checkland, Peter},
    TITLE       = {{Soft Systems Methodology: A Thirty Year Retrospective}},
    JOURNAL     = {Systems Research and Behavioral Science},
    VOLUME      = {17},
    PAGES       = {S11--S58},
    YEAR        = {2000}
}

@book{clarke2008posthuman,
    AUTHOR      = {Clarke, Bruce},
    TITLE       = {Posthuman metamorphosis: Narrative and systems},
    PUBLISHER   = {Fordham University Press},
    ADDRESS     = {New York},
    YEAR        = {2008}
}

@book{clarke2009emergence,
    EDITOR      = {Clarke, Bruce and Hansen, Mark B.N.},
    TITLE       = {Emergence and embodiment: New essays on second-order systems theory},
    PUBLISHER   = {Duke University Press},
    ADDRESS     = {Durham and London},
    YEAR        = {2009}
}

@periodical{cmr2010virtual,
    TITLE       = {Contemporary Music Review},
    ISSUETITLE  = {{Virtual Scores and Real-Time Playing}},
    VOLUME      = {29},
    NUMBER      = {1},
    YEAR        = {2010},
    OPTIONS     = {dataonly=true}
}

@inproceedings{coduys2004iannix,
    AUTHOR      = {Coduys, Thierry and Ferry, Guillaume},
    TITLE       = {{IanniX: Aesthetical/Symbolic visualisations for hypermedia composition}},
    BOOKTITLE   = {Proceedings of the 1st Sound and Music Computing Conference (SMC)},
    ADDRESS     = {Paris},
    PAGES       = {18:1--18:6},
    YEAR        = {2004}
}

@article{collins2005synthesis,
    AUTHOR      = {Collins, David},
    TITLE       = {A synthesis process model of creative thinking in music composition},
    JOURNAL     = {Psychology of Music},
    VOLUME      = {33},
    NUMBER      = {2},
    PAGES       = {193--216},
    YEAR        = {2005}
}

@article{collins2007realtime,
    AUTHOR      = {Collins, David},
    TITLE       = {Real-time tracking of the creative music composition process},
    JOURNAL     = {Digital Creativity},
    VOLUME      = {18},
    NUMBER      = {4},
    PAGES       = {239--256},
    YEAR        = {2007}
}

@article{collins2008analysis,
    AUTHOR      = {Collins, Nick},
    TITLE       = {The analysis of generative music programs},
    JOURNAL     = {Organised Sound},
    VOLUME      = {13},
    NUMBER      = {3},
    PAGES       = {237--248},
    YEAR        = {2008},
    doi         = {10.1017/S1355771808000332}
}

@book{collins2009introduction,
    AUTHOR      = {Collins, Nick},
    TITLE       = {Introduction to Computer Music},
    PUBLISHER   = {John Wiley \& Sons},
    ADDRESS     = {Chichester, UK},
    YEAR        = {2009}
}

@article{comer1979ubiquitous,
    AUTHOR      = {Comer, Douglas},
    TITLE       = {{The Ubiquitous B-Tree}},
    JOURNAL     = {ACM Computing Surveys (CSUR)},
    VOLUME      = {11},
    NUMBER      = {2},
    PAGES       = {121--137},
    YEAR        = {1979}
}

@article{copeland1984making,
    AUTHOR      = {Copeland, George and Maier, David},
    TITLE       = {{Making Smalltalk a Database System}},
    JOURNAL     = {ACM SIGMOD Record},
    VOLUME      = {14},
    NUMBER      = {2},
    PAGES       = {316--325},
    YEAR        = {1984}
}

@book{cormen1990introduction,
    AUTHOR      = {Cormen, Thomas H. and Leiserson, Charles E. and Rivest, Ronald L.},
    TITLE       = {{Introduction to Algorithms}},
    PUBLISHER   = {The MIT Press},
    ADDRESS     = {Cambridge, MA},
    YEAR        = {1990}
}

@article{cox2011beyond,
    AUTHOR      = {Cox, Christoph},
    TITLE       = {Beyond Representation and Signification: Toward a Sonic Materialism},
    JOURNAL     = {Journal of Visual Culture},
    VOLUME      = {10},
    NUMBER      = {2},
    PAGES       = {145--161},
    YEAR        = {2011},
    doi         = {10.1177/1470412911402880}
}

@online{csab1986computer,
    AUTHOR      = {Computing Sciences Accreditation Board (CSAB)},
    TITLE       = {{Computer Science as a Profession}},
    URL         = {http://web.archive.org/web/20090117183438/http://www.csab.org/comp_sci_profession.html},
    URLDATE     = {2012-05-25},
    YEAR        = {1986}
}

@article{cushing2013games,
    AUTHOR      = {Cushing, Jonathan},
    TITLE       = {{Games of a Last Chance: Chris Marker's Olympics}},
    JOURNAL     = {Los Angeles Review of Books},
    URL         = {http://lareviewofbooks.org/essay/games-of-a-last-chance-chris-markers-olympics},
    URLDATE     = {2013-11-18},
    DATE        = {2013-03-29}
}

@article{daubechies1988orthonormal,
    AUTHOR      = {Daubechies, Ingrid},
    TITLE       = {{Orthonormal Bases of Compactly Supported Wavelets}},
    JOURNAL     = {Communications on Pure and Applied Mathematics},
    VOLUME      = {41},
    NUMBER      = {7},
    PAGES       = {909--996},
    YEAR        = {1988}
}

@incollection{deleuze1987thousand,
    AUTHOR      = {Deleuze, Gilles and Guattari, F{\'e}lix},
    TITLE       = {Rhizome},
    BOOKTITLE   = {A thousand plateaus: Capitalism and schizophrenia},
    TRANSLATOR  = {Massumi, Brian},
    PUBLISHER   = {University of Minnesota Press},
    ADDRESS     = {Minneapolis},
    PAGES       = {3--25},
    YEAR        = {1987}
}

@book{deleuze1994difference,
    AUTHOR      = {Deleuze, Gilles},
    TITLE       = {{Difference and Repetition}},
    TRANSLATOR  = {Patton, Paul},
    PUBLISHER   = {Columbia University Press},
    ADDRESS     = {New York},
    ORIGDATE    = {1968},
    YEAR        = {1994}
}

@incollection{deleuze1996actuel,
    AUTHOR      = {Deleuze, Gilles and Parnet, Claire},
    TITLE       = {L'actuel et le virtuel},
    BOOKTITLE   = {Dialogues},
    PUBLISHER   = {Flammarion},
    ADDRESS     = {Paris},
    PAGES       = {179--181},
    YEAR        = {1996}
}

@article{demaine2007retroactive,
    AUTHOR      = {Demaine, Erik D. and Iacono, John and Langerman, Stefan},
    TITLE       = {{Retroactive Data Structures}},
    JOURNAL     = {ACM Transactions on Algorithms ({TALG})},
    VOLUME      = {3},
    NUMBER      = {2},
    PAGES       = {13:1--13:20},
    YEAR        = {2007}
}

@article{denning2010computation,
    AUTHOR      = {Denning, Peter J.},
    TITLE       = {What is Computation?},
    JOURNAL     = {Ubiquity},
    YEAR        = {2010},
    DOI         = {10.1145/1880066.1880067}
}

@incollection{derrida1972signature,
    AUTHOR      = {Derrida, Jacques},
    TITLE       = {Signature Event Context},
    TRANSLATOR  = {Weber, Samuel},
    BOOKTITLE   = {Limited Inc},
    EDITOR      = {Gerald Graff},
    PUBLISHER   = {Northwestern University Press},
    ADDRESS     = {Evanston, Illinois},
    PAGES       = {1--23},
    ORIGDATE    = {1972},
    YEAR        = {1988}
}

@incollection{derrida1981double,
    AUTHOR      = {Derrida, Jacques},
    TITLE       = {{The Double Session}},
    BOOKTITLE   = {Dissemination},
    TRANSLATOR  = {Johnson, Barbara},
    PUBLISHER   = {The Athlone Press},
    ADDRESS     = {London},
    PAGES       = {173--286},
    YEAR        = {1981},
}

@article{derrida1982sending,
    AUTHOR      = {Derrida, Jacques},
    TITLE       = {Sending: On Representation},
    JOURNAL     = {Social Research},
    PAGES       = {294--326},
    YEAR        = {1982}
}

@book{derrida1997grammatology,
    AUTHOR      = {Derrida, Jacques},
    TITLE       = {{O}f {G}rammatology},
    ADDRESS     = {Baltimore},
    PUBLISHER   = {Johns Hopkins University Press},
    TRANSLATOR  = {Spivak, Gayatri Chakravorty},
    ORIGDATE    = {1967},
    YEAR        = {1997}
}

@inproceedings{diederichsen2013rematerialization,
    AUTHOR      = {Diederichsen, Diedrich},
    TITLE       = {The Re-Materialization of the Music-Object},
    BOOKTITLE   = {Third Ear Conference (Hirugarren Belarria)},
    ADDRESS     = {San SebastiÃ¡n, ES},
    ORGANIZATION = {Arteleku},
    URL         = {http://vimeo.com/66545303},
    URLDATE     = {2015-03-01},
    DATE        = {2013-05-15}
}

@article{discipio1998compositional,
    AUTHOR      = {Di Scipio, Agostino},
    TITLE       = {{Compositional Models in Xenakis's Electroacoustic Music}},
    JOURNAL     = {Perspectives of New Music},
    VOLUME      = {36},
    NUMBER      = {2},
    PAGES       = {201--243},
    YEAR        = {1998},
    URL         = {http://www.jstor.org/stable/833529}
}

@article{discipio2003sound,
    AUTHOR      = {Di Scipio, Agostino},
    TITLE       = {{`Sound is the interface': from interactive to ecosystemic signal processing}},
    JOURNAL     = {Organised Sound},
    VOLUME      = {8},
    NUMBER      = {3},
    PAGES       = {269--277},
    YEAR        = {2003},
    doi         = {10.1017/S1355771803000244}
}

@inproceedings{dietz1982maintaining,
    AUTHOR      = {Dietz, Paul F.},
    TITLE       = {Maintaining order in a linked list},
    BOOKTITLE   = {Proceedings of the fourteenth annual ACM symposium on Theory of computing},
    PAGES       = {122--127},
    YEAR        = {1982}
}

@inproceedings{dietz1987two,
    AUTHOR      = {Dietz, Paul F. and Sleator, Daniel D.},
    TITLE       = {{Two Algorithms for Maintaining Order in a List}},
    BOOKTITLE   = {Proceedings of the nineteenth annual ACM symposium on Theory of computing},
    PAGES       = {365--372},
    YEAR        = {1987}
}

@article{dobereiner2011models,
    AUTHOR      = {D{\"o}bereiner, Luc},
    TITLE       = {Models of constructed sound: Nonstandard synthesis as an aesthetic perspective},
    JOURNAL     = {Computer Music Journal},
    VOLUME      = {35},
    NUMBER      = {3},
    PAGES       = {28--39},
    YEAR        = {2011}
}

@inproceedings{doebereiner2014think,
    AUTHOR      = {D{\"o}bereiner, Luc},
    TITLE       = {How to Think Sound in Itself? Towards a Materialist Dialectic of Sound},
    BOOKTITLE   = {Proceedings of the Electroacoustic Music Studies Network Conference EMS14 - Electroacoustic Music Beyond Performance},
    ADDRESS     = {Berlin},
    YEAR        = {2014}
}

@article{douhaire2003marker_fr,
    AUTHOR      = {Douhaire, Samuel and Rivoir, Annick},
    TITLE       = {Rare Marker. Interview with Chris Marker},
    JOURNAL     = {Lib{\'e}ration},
    URL         = {http://next.liberation.fr/cinema/2003/03/05/rare-marker_457649},
    URLDATE     = {2014-07-31},
    DATE        = {2003-03-05}
}

@article{douhaire2003marker_en,
    AUTHOR      = {Douhaire, Samuel and Rivoir, Annick},
    TRANSLATOR  = {de Baecque, Antoine},
    TITLE       = {Marker Direct: an interview with Chris Marker},
    JOURNAL     = {Filmcomment},
    NUMBER      = {3},
    URL         = {http://www.filmcomment.com/article/marker-direct-an-interview-with-chris-marker},
    URLDATE     = {2014-07-31},
    PAGES       = {38--41},
    YEAR        = {2003}
}

@phdthesis{downie2005choreographing,
    AUTHOR      = {Downie, Marc},
    TITLE       = {Choreographing the {E}xtended {A}gent: performance graphics for dance theater},
    SCHOOL      = {Massachusetts Institute of Technology},
    ADDRESS     = {Cambridge, MA},
    YEAR        = {2005}
}


@article{downie2008field,
    AUTHOR      = {Downie, Marc},
    TITLE       = {Field---a New Environment for Making Digital Art},
    JOURNAL     = {Computers in Entertainment (CIE)},
    VOLUME      = {6},
    NUMBER      = {4},
    PAGES       = {54:1--54:34},
    YEAR        = {2008}
} 

@article{driscoll1989making,
    AUTHOR      = {Driscoll, James R. and Sarnak, Neil and Sleator, Daniel D. and Tarjan, Robert E.},
    TITLE       = {Making data structures persistent},
    JOURNAL     = {Journal of Computer and System Sciences},
    VOLUME      = {38},
    NUMBER      = {1},
    PAGES       = {86--124},
    YEAR        = {1989}
}

@article{driscoll1994fully,
    AUTHOR      = {Driscoll, James R. and Sleator, Daniel D. and Tarjan, Robert E},
    TITLE       = {{Fully Persistent Lists with Catenation}},
    JOURNAL     = {Journal of the ACM (JACM)},
    VOLUME      = {41},
    NUMBER      = {5},
    PAGES       = {943--959},
    YEAR        = {1994}
}

@inproceedings{eaglestone2001composition,
    AUTHOR      = {Eaglestone, Barry and Ford, Nigel and Nuhn, Ralf and Moore, Adrian and Brown, Guy J.},
    TITLE       = {{Composition Systems Requirements for Creativity: What Research Methodology}},
    BOOKTITLE   = {Proceedings of Mosart Workshop on Current Research Directions in Computer Music},
    ADDRESS     = {Barcelona},
    YEAR        = {2001}
}

@article{eaglestone2007information,
    AUTHOR      = {Eaglestone, Barry and Ford, Nigel and Brown, Guy J. and Moore, Adrian},
    TITLE       = {Information systems and creativity: an empirical study},
    JOURNAL     = {Journal of Documentation},
    VOLUME      = {63},
    NUMBER      = {4},
    PAGES       = {443--464},
    YEAR        = {2007}
}

@inproceedings{eckel2012framework,
    AUTHOR      = {Eckel, Gerhard and Rumori, Martin and Pirro, David and Gonz{\'a}lez-Arroyo, Ram{\'o}n},
    TITLE       = {A framework for the choreography of sound},
    BOOKTITLE   = {Proceedings of the 38th International Computer Music Conference},
    ADDRESS     = {Ljubljana},
    PAGES       = {504--511},
    YEAR        = {2012}
}

@book{eddington1929nature,
    AUTHOR      = {Eddington, Arthur S.},
    TITLE       = {The Nature of the Physical World},
    PUBLISHER   = {Cambridge University Press},
    ADDRESS     = {Cambridge},
    YEAR        = {1929}
}

@article{edelsbrunner1983new,
    AUTHOR      = {Edelsbrunner, Herbert},
    TITLE       = {{A New Approach to Rectangle Intersections (Part I+II)}},
    JOURNAL     = {International Journal of Computer Mathematics},
    VOLUME      = {13},
    NUMBER      = {3-4},
    PAGES       = {209--229},
    YEAR        = {1983}
}

@inproceedings{eigenfeldt2011negotiated,
    AUTHOR      = {Eigenfeldt, Arne and Pasquier, Philippe},
    TITLE       = {Negotiated Content: Generative Soundscape Composition by Autonomous Musical Agents in \emph{Coming Together: Freesound}},
    BOOKTITLE   = {Proceedings of the 2nd International Conference on Computational Creativity},
    ADDRESS     = {Mexico City},
    PAGES       = {27--32},
    YEAR        = {2011}
}

@inproceedings{eigenfeldt2013towards,
    AUTHOR      = {Eigenfeldt, Arne and Bown, Oliver and Pasquier, Philippe and Martin, Aengus},
    TITLE       = {Towards a Taxonomy of Musical Metacreation: Reflections on the First Musical Metacreation Weekend},
    BOOKTITLE   = {Proceedings of the Artificial Intelligence and Interactive Digital Entertainment (AIIDE'13) Conference},
    ADDRESS     = {Boston},
    YEAR        = {2013}
}

@incollection{elliot2008goal,
    AUTHOR      = {Elliot, Andrew J. and Fryer, James W.},
    TITLE       = {{The Goal Construct in Psychology}},
    EDITOR      = {Shah, James Y. and Gardner, Wendi L.},
    BOOKTITLE   = {Handbook of motivation science},
    PUBLISHER   = {The Guilford Press},
    ADDRESS     = {New York},
    PAGES       = {235--250},
    YEAR        = {2008}
}

@article{elliott1997functional,
    AUTHOR      = {Elliott, Conal and Hudak, Paul},
    TITLE       = {Functional reactive animation},
    JOURNAL     = {ACM SIGPLAN Notices},
    VOLUME      = {32},
    NUMBER      = {8},
    PAGES       = {263--273},
    YEAR        = {1997}
}

@incollection{emmerson1986relation,
    AUTHOR      = {Emmerson, Simon},
    TITLE       = {{The Relation of Language to Materials}},
    EDITOR      = {Emmerson, Simon},
    BOOKTITLE   = {{The Language of Electroacoustic Music}},
    PUBLISHER   = {Macmillan},
    ADDRESS     = {London},
    PAGES       = {17--39},
    YEAR        = {1986}
}

@article{emmerson1989composing,
    AUTHOR      = {Emmerson, Simon},
    TITLE       = {Composing strategies and pedagogy},
    JOURNAL     = {Contemporary Music Review},
    VOLUME      = {3},
    NUMBER      = {1},
    PAGES       = {133--144},
    YEAR        = {1989}
}

@inproceedings{eppstein2005skip,
    AUTHOR      = {Eppstein, David and Goodrich, Michael T. and Sun, Jonathan Z.},
    TITLE       = {{The Skip Quadtree: A Simple Dynamic Data Structure for Multidimensional Data}},
    BOOKTITLE   = {Proceedings of the twenty-first annual symposium on Computational geometry},
    ORGANIZATION = {ACM},
    PAGES       = {296--305},
    YEAR        = {2005}
}

@article{eppstein2008skip,
    AUTHOR      = {Eppstein, David and Goodrich, Michael T. and Sun, Jonathan Z.},
    TITLE       = {{Skip Quadtrees: Dynamic Data Structures for Multidimensional Point Sets}},
    JOURNAL     = {International Journal of Computational Geometry \& Applications},
    VOLUME      = {18},
    NUMBER      = {1 \& 2},
    PAGES       = {131--160},
    YEAR        = {2008}
}

@incollection{feldman1965anxiety,
    AUTHOR      = {Feldman, Morton},
    TITLE       = {The Anxiety of Art},
    BOOKTITLE   = {Give My Regards to Eighth Street: Collected Writings of Morton Feldman},
    EDITOR      = {Friedman, Bernard H.},
    PUBLISHER   = {Exact Change},
    ADDRESS     = {Cambridge, MA},
    PAGES       = {21--32},
    ORIGDATE    = {1965},
    OPTIONS     = {cmsdate=both},
    YEAR        = {2000}
}

@incollection{feldman1967after,
    AUTHOR      = {Feldman, Morton},
    TITLE       = {After Modernism},
    BOOKTITLE   = {Give My Regards to Eighth Street: Collected Writings of Morton Feldman},
    EDITOR      = {Friedman, Bernard H.},
    PUBLISHER   = {Exact Change},
    ADDRESS     = {Cambridge, MA},
    PAGES       = {67--79},
    ORIGDATE    = {1967},
    OPTIONS     = {cmsdate=both},
    YEAR        = {2000}
}

@incollection{feldman1967elementary,
    AUTHOR      = {Feldman, Morton},
    TITLE       = {{Some Elementary Questions}},
    BOOKTITLE   = {Give My Regards to Eighth Street: Collected Writings of Morton Feldman},
    EDITOR      = {Friedman, Bernard H.},
    PUBLISHER   = {Exact Change},
    ADDRESS     = {Cambridge, MA},
    PAGES       = {63--66},
    ORIGDATE    = {1967},
    OPTIONS     = {cmsdate=both},
    YEAR        = {2000}
}

@article{feldman1988between,
    AUTHOR      = {Feldman, Morton},
    TITLE       = {Between categories},
    JOURNAL     = {Contemporary Music Review},
    VOLUME      = {2},
    NUMBER      = {2},
    PAGES       = {1--5},
    YEAR        = {1988}
}

@article{fiat2003making,
    AUTHOR      = {Fiat, Amos and Kaplan, Haim},
    TITLE       = {Making data structures confluently persistent},
    JOURNAL     = {Journal of Algorithms},
    VOLUME      = {48},
    NUMBER      = {1},
    PAGES       = {16--58},
    YEAR        = {2003}
}

@article{flood1988unleashing,
    AUTHOR      = {Flood, Robert L.},
    TITLE       = {{Unleashing the ``Open System'' Metaphor}},
    JOURNAL     = {Systemic Practice and Action Research},
    VOLUME      = {1},
    NUMBER      = {3},
    PAGES       = {313--318},
    YEAR        = {1988}
}

@article{floridi2012big,
    AUTHOR      = {Floridi, Luciano},
    TITLE       = {{B}ig {D}ata and Their Epistemological Challenge},
    JOURNAL     = {Philosophy \& Technology},
    PAGES       = {1--3},
    YEAR        = {2012},
    doi         = {10.1007/s13347-012-0093-4}
}

@incollection{foerster1979cybernetics,
    AUTHOR      = {von Foerster, Heinz},
    TITLE       = {{Cybernetics of Cybernetics}},
    EDITOR      = {Krippendorff, Klaus},
    BOOKTITLE   = {{Communication and Control in Society}},
    PUBLISHER   = {{Gordon and Breach}},
    ADDRESS     = {New York},
    PAGES       = {5--8},
    YEAR        = {1979}
}

@incollection{foerster1991ethics,
    AUTHOR      = {von Foerster, Heinz},
    TITLE       = {{Ethics and Second-Order Cybernetics}},
    BOOKTITLE   = {{Understanding Understanding: Essays on Cybernetics and Cognition}},
    PUBLISHER   = {{Springer}},
    ADDRESS     = {New York},
    PAGES       = {5--8},
    ORIGDATE    = {1991},
    YEAR        = {2003}
}

@incollection{foerster1993niklas,
    AUTHOR      = {von Foerster, Heinz},
    TITLE       = {{For Niklas Luhmann: \emph{How Recursive is Communication?}}},
    BOOKTITLE   = {{Understanding Understanding: Essays on Cybernetics and Cognition}},
    PUBLISHER   = {{Springer}},
    TRANSLATOR  = {Richard Howe},
    ADDRESS     = {New York},
    PAGES       = {305--323},
    ORIGDATE    = {1993},
    OPTIONS     = {cmsdate=both},
    YEAR        = {2003}
}

@book{foerster2003understanding,
    AUTHOR      = {von Foerster, Heinz},
    TITLE       = {Understanding Understanding: Essays on Cybernetics and Cognition},
    PUBLISHER   = {Springer},
    ADDRESS     = {New York},
    YEAR        = {2003}
}

@inproceedings{foote2000automatic,
    AUTHOR      = {Foote, Jonathan},
    TITLE       = {Automatic Audio Segmentation Using A Measure Of Audio Novelty},
    BOOKTITLE   = {Proceedings of the IEEE International Conference on Multimedia and Expo (ICME)},
    ADDRESS     = {New York, NY},
    VOLUME      = {1},
    PAGES       = {452--455},
    YEAR        = {2000},
}

@inproceedings{foster1965information,
    AUTHOR      = {Foster, Caxton C.},
    TITLE       = {Information retrieval: information storage and retrieval using AVL trees},
    BOOKTITLE   = {Proceedings of the ACM 20th National Conference},
    ADDRESS     = {Cleveland, OH},
    PAGES       = {192--205},
    YEAR        = {1965}
}

@article{frigg2009philosophy,
    AUTHOR      = {Frigg, Roman and Reiss, Julian},
    TITLE       = {{The Philosophy of Simulation: Hot New Issues or Same Old Stew?}},
    JOURNAL     = {Synthese},
    VOLUME      = {169},
    NUMBER      = {3},
    PAGES       = {593--613},
    YEAR        = {2009}
}

@inproceedings{frisson2010audiogarden,
    AUTHOR      = {Frisson, Christian and Picard, C\'{e}cile and Tardieu, Damien},
    TITLE       = {AudioGarden: towards a Usable Tool for Composite Audio Creation},
    BOOKTITLE   = {Quarterly Progress Scientific Reports of the numediart research program},
    VOLUME      = {3},
    NUMBER      = {2},
    PAGES       = {33--36},
    MONTH       = {6},
    YEAR        = {2010}
}

@book{fuller2008software,
    TITLE       = {Software Studies: A Lexicon},
    EDITOR      = {Fuller, Matthew},
    PUBLISHER   = {MIT Press},
    ADDRESS     = {Cambridge, MA},
    YEAR        = {2008}
}

@incollection{fuller2008elegance,
    AUTHOR      = {Fuller, Matthew},
    TITLE       = {Elegance},
    BOOKTITLE   = {Software Studies: A Lexicon},
    EDITOR      = {Fuller, Matthew},
    PUBLISHER   = {MIT Press},
    ADDRESS     = {Cambridge, MA},
    PAGES       = {87--92},
    YEAR        = {2008}
}

@article{garcia2007extended,
    AUTHOR      = {Garcia, Ronald and J{\"a}rvi, Jaakko and Lumsdaine, Andrew and Siek, Jeremy and Willcock, Jeremiah},
    TITLE       = {{An Extended Comparative Study of Language Support for Generic Programming}},
    JOURNAL     = {Journal of Functional Programming},
    VOLUME      = {17},
    NUMBER      = {2},
    PAGES       = {145--205},
    YEAR        = {2007}
}

@inproceedings{gasiunas2011escala,
    AUTHOR      = {Gasiunas, Vaidas and Satabin, Lucas and Mezini, Mira and N{\'u}{\~n}ez, Angel and Noy{\'e}, Jacques},
    TITLE       = {{EScala}: modular event-driven object interactions in {Scala}},
    BOOKTITLE   = {Proceedings of the tenth international conference on Aspect-oriented software development},
    ORGANIZATION = {ACM},
    PAGES       = {227--240},
    YEAR        = {2011}
}

@techreport{gasiunas2010declarative,
    AUTHOR      = {Gasiunas, Vaidas and Satabin, Lucas and Mezini, Mira and N{\'u}{\~n}ez, Angel and Noy{\'e}, Jacques},
    TITLE       = {{Declarative Events for Object-Oriented Programming}},
    INSTITUTION = {Technische Universit{\"a}t Darmstadt},
    NUMBER      = {TUD-CS-2010-0122},
    YEAR        = {2010}
}

@article{geels2002technological,
    AUTHOR      = {Geels, Frank W.},
    TITLE       = {Technological transitions as evolutionary reconfiguration processes: a multi-level perspective and a case-study},
    JOURNAL     = {Research Policy},
    VOLUME      = {31},
    NUMBER      = {8},
    PAGES       = {1257--1274},
    YEAR        = {2002}
}

@article{geels2007typology,
    AUTHOR      = {Geels, Frank W. and Schot, Johan},
    TITLE       = {Typology of sociotechnical transition pathways},
    JOURNAL     = {Research Policy},
    VOLUME      = {36},
    NUMBER      = {3},
    PAGES       = {399--417},
    YEAR        = {2007}
}

@incollection{goffey2008algorithm,
    AUTHOR      = {Goffey, Andrew},
    TITLE       = {Algorithm},
    BOOKTITLE   = {Software Studies: A Lexicon},
    EDITOR      = {Fuller, Matthew},
    PUBLISHER   = {MIT Press},
    ADDRESS     = {Cambridge, MA},
    PAGES       = {15--20},
    YEAR        = {2008}
}
@inproceedings{goodman2011muts,
    AUTHOR      = {Goodman, Daniel and Khan, Behram and Khan, Salman and Kirkham, Chris and Luj{\'a}n, Mikel and Watson, Ian},
    TITLE       = {{MUTS: Native Scala Constructs for Software Transactional Memory}},
    BOOKTITLE   = {Proceedings of the {Second Scala Workshop}},
    ADDRESS     = {Stanford},
    YEAR        = {2011}
}

@article{goodman2013software,
    AUTHOR      = {Goodman, Daniel and Khan, Behram and Khan, Salman and Luj{\'a}n, Mikel and Watson, Ian},
    TITLE       = {Software transactional memories for Scala},
    JOURNAL     = {Journal of Parallel and Distributed Computing},
    VOLUME      = {73},
    NUMBER      = {2},
    PAGES       = {150--163},
    YEAR        = {2013}
}

@article{goodrich2011fully,
    AUTHOR      = {Goodrich, Michael T. and Simons, Joseph A.},
    TITLE       = {Fully Retroactive Approximate Range and Nearest Neighbor Searching},
    JOURNAL     = {Lecture Notes in Computer Science},
    PUBLISHER   = {Springer},
    VOLUME      = {7074},
    PAGES       = {292--301},
    YEAR        = {2011}
}

@inproceedings{gray1981transaction,
    AUTHOR      = {Gray, Jim},
    TITLE       = {{The Transaction Concept: Virtues and Limitations}},
    BOOKTITLE   = {Proceedings of the 7th international conference on Very Large Databases},
    ADDRESS     = {Cannes},
    ORGANIZATION = {IEEE},
    PAGES       = {144--154},
    YEAR        = {1981}
}

@article{gruner2011problems,
    AUTHOR      = {Gruner, Stefan},
    TITLE       = {Problems for a philosophy of software engineering},
    JOURNAL     = {Minds and Machines},
    VOLUME      = {21},
    NUMBER      = {2},
    PAGES       = {275--299},
    YEAR        = {2011}
}

@book{guattari1995chaosmosis,
    AUTHOR      = {Guattari, F{\'e}lix},
    TITLE       = {Chaosmosis. An ethico-aesthetic paradigm},
    TRANSLATOR  = {Bains, Paul and Perfanis, Julian},
    ADDRESS     = {Bloomington, IN, USA},
    PUBLISHSER  = {Indiana University Press},
    YEAR        = {1995}
}

@incollection{guba2002epistemological,
    AUTHOR      = {Guba, Egon G. and Lincoln, Yvonna S.},
    TITLE       = {Epistemological and methodological bases of naturalistic inquiry},
    EDITOR      = {Stufflebeam, Daniel L. and Madaus, George F. and Kellaghan, T.},
    BOOKTITLE   = {{Evaluation Models: Viewpoints on Educational and Human Services Evaluation}},
    EDITION     = {Second Edition},
    PUBLISHER   = {Kluwer Academic Publishers},
    ADDRESS     = {New York},
    PAGES       = {363--381},
    ORIGDATE    = {1982},
    YEAR        = {2002}
}

@inproceedings{guibas1978dichromatic,
    AUTHOR      = {Guibas, Leo J. and Sedgewick, Robert},
    TITLE       = {A dichromatic framework for balanced trees},
    BOOKTITLE   = {19th Annual Symposium on Foundations of Computer Science (FOCS)},
    ORGANIZATION = {IEEE},
    ADDRESS     = {Ann Arbor},
    PAGES       = {8--21},
    YEAR        = {1978}
}

@book{guilford1967nature,
    AUTHOR      = {Guilford, Joy P.},
    TITLE       = {The nature of human intelligence},
    PUBLISHER   = {McGraw-Hill},
    ADDRESS     = {New York},
    YEAR        = {1967}
}

@inproceedings{guttman1984rtrees,
    AUTHOR      = {Guttman, Antonin},
    TITLE       = {{R-trees: A dynamic index structure for spatial searching}},
    BOOKTITLE   = {Proceedings of the 1984 ACM SIGMOD international conference on Management of data},
    ADDRESS     = {Boston},
    PAGES       = {47--57},
    YEAR        = {1984}
}

@book{hacking1983representing,
    AUTHOR      = {Hacking, Ian},
    TITLE       = {Representing and intervening: Introductory topics in the philosophy of natural science},
    PUBLISHER   = {Cambridge University Press},
    ADDRESS     = {Cambridge},
    YEAR        = {1983}
}

@article{haller2009scala,
    AUTHOR      = {Haller, Philipp and Odersky, Martin},
    TITLE       = {{Scala Actors: Unifying thread-based and event-based programming}},
    JOURNAL     = {Theoretical Computer Science},
    VOLUME      = {410},
    PAGES       = {202--220},
    YEAR        = {2009}
}

@article{hamman1999symbol,
    AUTHOR      = {Hamman, Michael},
    TITLE       = {{From Symbol to Semiotic: Representation, Signification, and the Composition of Music Interaction}},
    JOURNAL     = {Journal of New Music Research},
    VOLUME      = {28},
    NUMBER      = {2},
    PAGES       = {90--104},
    YEAR        = {1999}
}

@incollection{hamman2000technical,
    AUTHOR      = {Hamman, Michael},
    TITLE       = {The Technical as Aesthetic: Technology, Art-making, Interpretation},
    BOOKTITLE   = {Musiques, Arts et Technologies: pour une approche critique},
    EDITOR      = {Makis, Solomos and Roberto, Barbanti and Enrique, Lynch and Carmen, Pardo},
    PUBLISHER   = {Harmattan},
    ADDRESS     = {Paris},
    YEAR        = {2000}
}

@article{hamman2002technical,
    AUTHOR      = {Hamman, Michael},
    TITLE       = {{From Technical to Technological: The Imperative of Technology in Experimental Music Composition}},
    JOURNAL     = {Perspectives of New Music},
    VOLUME      = {40},
    NUMBER      = {1},
    PAGES       = {92--120},
    YEAR        = {2002},
    URL         = {http://www.jstor.org/stable/833549}
}

@incollection{harraway1991cyborg,
    AUTHOR      = {Harraway, Donna J.},
    TITLE       = {A Cyborg Manifesto: Science, Technology, and Socialist-Feminism in the Late Twentieth Century},
    BOOKTITLE   = {Simians, Cyborgs and Women: The Reinvention of Nature},
    PUBLISHER   = {Routledge},
    ADDRESS     = {New York},
    PAGES       = {149--181},
    YEAR        = {1991}
}

@article{harel2008programming,
    AUTHOR      = {Harel, David},
    TITLE       = {{Can Programming Be Liberated, Period?}},
    JOURNAL     = {Computer (IEEE)},
    VOLUME      = {41},
    NUMBER      = {1},
    PAGES       = {28--37},
    YEAR        = {2008}
}

@article{harris2007transactional,
    AUTHOR      = {Harris, Tim and Cristal, Adri{\'a}n and Unsal, Osman S. and Ayguade, Eduard and Gagliardi, Fabrizio and Smith, Burton and Valero, Mateo},
    TITLE       = {{Transactional Memory: An Overview}},
    JOURNAL     = {IEEE Micro},
    VOLUME      = {27},
    NUMBER      = {3},
    PAGES       = {8--29},
    YEAR        = {2007}
}

@book{hayles1999how,
    AUTHOR      = {Hayles, N. Katherine},
    TITLE       = {How we became posthuman: Virtual bodies in cybernetics, literature, and informatics},
    PUBLISHER   = {University of Chicago Press},
    ADDRESS     = {Chicago},
    YEAR        = {2008}
}

@book{hayles2002writing,
    AUTHOR      = {Hayles, N. Katherine},
    TITLE       = {Writing Machines},
    PUBLISHER   = {MIT Press},
    ADDRESS     = {Cambridge, MA},
    YEAR        = {2002}
}

@inproceedings{heer2005prefuse,
    AUTHOR      = {Heer, Jeffrey and Card, Stuart K. and Landay, James A.},
    TITLE       = {Prefuse: a toolkit for interactive information visualization},
    BOOKTITLE   = {Proceedings of the SIGCHI conference on Human factors in computing systems},
    ORGANIZATION = {ACM},
    PAGES       = {421--430},
    YEAR        = {2005}
}

@incollection{heylighen2001cybernetics,
    AUTHOR      = {Heylighen, Francis and Joslyn, Cliff},
    TITLE       = {{Cybernetics and Second Order Cybernetics}},
    EDITOR      = {Meyers, Robert A.},
    BOOKTITLE   = {{Encyclopedia of Physical Science and Technology}},
    VOLUME      = {4},
    PUBLISHER   = {Academic Press},
    ADDRESS     = {New York},
    PAGES       = {155--170},
    YEAR        = {2001}
}

@article{heylighen2001bootstrapping,
    AUTHOR      = {Heylighen, Francis},
    TITLE       = {{Bootstrapping knowledge representations: From entailment meshes via semantic nets to learning webs}},
    JOURNAL     = {Kybernetes},
    VOLUME      = {30},
    NUMBER      = {5/6},
    PAGES       = {691--722},
    YEAR        = {2001}
}

@article{hinze2006finger,
    AUTHOR      = {Hinze, Ralf and Paterson, Ross},
    TITLE       = {Finger trees: a simple general-purpose data structure},
    JOURNAL     = {Journal of Functional Programming},
    VOLUME      = {16},
    NUMBER      = {2},
    PAGES       = {197--217},
    YEAR        = {2006}
}

@article{honing1993issues,
    AUTHOR      = {Honing, Henkjan},
    TITLE       = {Issues on the representation of time and structure in music},
    JOURNAL     = {Contemporary Music Review},
    VOLUME      = {9},
    NUMBER      = {1},
    PAGES       = {221--238},
    YEAR        = {1993}
}

@book{jagodzinski2013arts,
    AUTHOR      = {Jagodzinski, Jan and Wallin, Jason},
    TITLE       = {Arts-based research: A critique and a proposal},
    PUBLISHER   = {Sense Publishers},
    ADDRESS     = {Rotterdam},
    YEAR        = {2013}
}

@article{jensen1992glossary,
    AUTHOR      = {Jensen, Christian S. and Clifford, James and Gadia, Shashi K. and Segev, Arie and Snodgrass, Richard T.},
    TITLE       = {{A Glossary of Temporal Database Concepts}},
    JOURNAL     = {ACM Special Interest Group on Management of Data (SIGMOD) Record},
    VOLUME      = {21},
    NUMBER      = {3},
    PAGES       = {35--43},
    YEAR        = {1992}
}

@inproceedings{jiang2000bttree,
    AUTHOR      = {Jiang, Linan and Salzberg, Betty and Lomet, David and Barrena, Manuel},
    TITLE       = {{The BT-Tree: A Branched and Temporal Access Method}},
    BOOKTITLE   = {Proceedings of the 26th International Conference on Very Large Data Bases (VLDB)},
    ADDRESS     = {Cairo},
    PAGES       = {451--460},
    YEAR        = {2000}
}

@inproceedings{kaplan1996purely,
    AUTHOR      = {Kaplan, Haim and Tarjan, Robert E.},
    TITLE       = {{Purely Functional Representations of Catenable Sorted Lists}},
    BOOKTITLE   = {Proceedings of the twenty-eighth annual ACM symposium on Theory of computing},
    PAGES       = {202--211},
    YEAR        = {1996}
}

@article{kane2007objet,
    AUTHOR      = {Kane, Brian},
    TITLE       = {\emph{L'Objet Sonore Maintenant}: Pierre Schaeffer, sound objects and the phenomenological reduction},
    JOURNAL     = {Organised Sound},
    VOLUME      = {12},
    NUMBER      = {1},
    PAGES       = {15--24},
    YEAR        = {2007},
    doi         = {10.1017/S135577180700163X}
}

@book{kane2014sound,
    AUTHOR      = {Kane, Brian},
    TITLE       = {Sound Unseen: Acousmatic Sound in Theory and Practice},
    PUBLISHER   = {Oxford University Press},
    ADDRESS     = {New York},
    YEAR        = {2014},
    doi         = {10.1093/acprof:oso/9780199347841.001.0001}
}

@book{kim2009blink,
    AUTHOR      = {Kim-Cohen, Seth},
    TITLE       = {In the blink of an ear: Toward a non-cochlear sonic art},
    PUBLISHER   = {Continuum International Publishing Group},
    ADDRESS     = {New York},
    YEAR        = {2009}
}

@article{knuth1977notes,
    AUTHOR      = {Knuth, Donald E.},
    TITLE       = {Notes on the van {E}mde {B}oas construction of priority deques: {A}n instructive use of recursion},
    JOURNAL     = {Classroom notes Stanford University},
    MONTH       = {3},
    YEAR        = {1977}
}

@book{knuth1998art,
    AUTHOR      = {Knuth, Donald E.},
    TITLE       = {The Art of Computer Programming},
    VOLUME      = {3},
    EDITION     = {2nd Edition},
    PUBLISHER   = {Addison-Wesley},
    ADDRESS     = {Reading, MA},
    ORIGDATE    = {1973},
    YEAR        = {1998}
}

@incollection{koenig1978kompositionsprozesse,
    AUTHOR      = {Koenig, Gottfried Michael},
    TITLE       = {Kompositionsprozesse},
    BOOKTITLE   = {{\"A}sthetische {P}raxis},
    PUBLISHER   = {PFAU Verlag},
    ADDRESS     = {Saarbr{\"u}cken},
    SERIES      = {Texte zur Musik},
    VOLUME      = {3},
    PAGES       = {191--210},
    ORIGDATE    = {1978},
    OPTIONS     = {cmsdate=both},
    YEAR        = {1993}
}

@incollection{koenig1986genesis,
    AUTHOR      = {Koenig, Gottfried Michael},
    TITLE       = {Genesis der Form unter technischen Bedingungen},
    BOOKTITLE   = {{\"A}sthetische {P}raxis},
    PUBLISHER   = {PFAU Verlag},
    ADDRESS     = {Saarbr{\"u}cken},
    SERIES      = {Texte zur Musik},
    VOLUME      = {3},
    PAGES       = {277--288},
    ORIGDATE    = {1986},
    YEAR        = {1993}
}

@book{koenig2007aesthetische,
    AUTHOR      = {Koenig, Gottfried Michael},
    TITLE       = {{\"A}sthetische {P}raxis},
    PUBLISHER   = {PFAU Verlag},
    ADDRESS     = {Saarbr{\"u}cken},
    SERIES      = {Texte zur Musik},
    VOLUME      = {1--6},
    YEAR        = {1991--2007}
}

@article{kowalski1979algorithm,
    AUTHOR      = {Kowalski, Robert},
    TITLE       = {Algorithm = logic + control},
    JOURNAL     = {Communications of the ACM},
    VOLUME      = {22},
    NUMBER      = {7},
    PAGES       = {424--436},
    YEAR        = {1979},
    doi         = {10.1145/359131.359136}
}

@article{krasner1988cookbook,
    AUTHOR      = {Krasner, Glenn E. and Pope, Steven T.},
    TITLE       = {{A Cookbook for Using the Model-View-Controller User Interface Paradigm in Smalltalk-80}},
    JOURNAL     = {Journal of Object Oriented Programming},
    VOLUME      = {1},
    NUMBER      = {3},
    PAGES       = {26--49},
    YEAR        = {1988}
}

@article{krippendorff1990models,
    AUTHOR      = {Krippendorff, Klaus},
    TITLE       = {{Models and Metaphors of Communication}},
    JOURNAL     = {Annenberg School for Communication Departmental Papers (ASC)},
    NUMBER      = {276},
    PUBLISHER   = {University of Pennsylvania},
    URL         = {http://repository.upenn.edu/asc_papers/276/},
    URLDATE     = {2014-08-13},
    YEAR        = {1990}
}

@article{krippendorff1993major,
    AUTHOR      = {Krippendorff, Klaus},
    TITLE       = {{Major Metaphors of Communication and Some Constructivist Reflections on their Use}},
    JOURNAL     = {Cybernetics \& Human Knowing},
    VOLUME      = {2},
    NUMBER      = {1},
    PAGES       = {3--25},
    YEAR        = {1993}
}

@incollection{krippendorff1994verschwundene,
    AUTHOR      = {Krippendorff, Klaus},
    TITLE       = {{Der Verschwundene Bote; Metaphern und Modelle der Kommunikation}},
    EDITOR      = {Merten, Klaus and Schmidt, Siegfried J. and Weischenberg, Siegfried},
    BOOKTITLE   = {{Die Wirklichkeit der Medien; Eine Einf{\"u}hrung in die Kommunikationswissenschaft}},
    PUBLISHER   = {Westdeutscher Verlag},
    ADDRESS     = {Opladen},
    PAGES       = {79--113},
    YEAR        = {1994}
}

@article{kruger2002deconstruction,
    AUTHOR      = {Kruger, Daniel J.},
    TITLE       = {The {D}econstruction of {C}onstructivism},
    JOURNAL     = {American Psychologist},
    VOLUME      = {57},
    NUMBER      = {6--7},
    PAGES       = {456--457},
    YEAR        = {2002}
}

@article{kumar1998designing,
    AUTHOR      = {Kumar, Anil and Tsotras, Vassilis J. and Faloutsos, Christos},
    TITLE       = {{Designing Access Methods for Bitemporal Databases}},
    JOURNAL     = {IEEE Transactions on Knowledge and Data Engineering},
    VOLUME      = {10},
    NUMBER      = {1},
    PAGES       = {1--20},
    YEAR        = {1998}
}

@book{lacan1992ethics,
    AUTHOR      = {Lacan, Jacques},
    TITLE       = {The Ethics of Psychoanalysis, 1959--1960},
    SERIES      = {The Seminar of Jacques Lacan},
    VOLUME      = {VII},
    TRANSLATOR  = {Porter, Dennis},
    EDITOR      = {Carvallo, Marc E.},
    PUBLISHER   = {Routledge},
    ADDRESS     = {London},
    YEAR        = {1992}
}

@incollection{latour1987laboratories,
    AUTHOR      = {Latour, Bruno},
    TITLE       = {Laboratories},
    BOOKTITLE   = {Science in action: How to follow scientists and engineers through society},
    PUBLISHER   = {Harvard University Press},
    ADDRESS     = {Cambridge, MA},
    PAGES       = {63--100},
    YEAR        = {1987}
}

@book{latour1987science,
    AUTHOR      = {Latour, Bruno},
    TITLE       = {Science in action: How to follow scientists and engineers through society},
    PUBLISHER   = {Harvard University Press},
    ADDRESS     = {Cambridge, MA},
    YEAR        = {1987}
}

@incollection{latour1999circulating,
    AUTHOR      = {Latour, Bruno},
    TITLE       = {Circulating reference: Sampling the soil in the Amazon forest},
    BOOKTITLE   = {Pandora's Hope: Essays on the Reality of Science Studies},
    PUBLISHER   = {Harvard University Press},
    ADDRESS     = {Cambridge, MA},
    PAGES       = {24--79},
    YEAR        = {1999}
}

@inproceedings{lea2000java,
    AUTHOR      = {Lea, Doug},
    TITLE       = {{A Java Fork/Join Framework}},
    BOOKTITLE   = {Proceedings of the ACM 2000 conference on Java Grande},
    PAGES       = {36--43},
    YEAR        = {2000}
}

@article{levine1971abstract,
    AUTHOR      = {Levine, Edward M.},
    TITLE       = {{Abstract Expressionism: The Mystical Experience}},
    JOURNAL     = {Art Journal},
    VOLUME      = {31},
    NUMBER      = {1},
    PAGES       = {22--25},
    YEAR        = {1971}
}

@article{lewis2000too,
    AUTHOR      = {Lewis, George E.},
    TITLE       = {Too Many Notes: Computers, Complexity and Culture in ``Voyager''},
    JOURNAL     = {Leonardo Music Journal},
    VOLUME      = {10},
    PAGES       = {33--39},
    YEAR        = {2000},
    doi         = {10.1162/096112100570585}
}

@manual{liljedahl2008@algoscore,
    AUTHOR      = {Liljedahl, Jonatan},
    TITLE       = {AlgoScore user guide},
    URL         = {http://download.gna.org/algoscore/Help/algoscore-manual.pdf},
    URLDATE     = {2012-05-10},
    DATE        = {2008-11-12}
}

@book{lippard1973six,
    AUTHOR      =  {Lippard, Lucy R.},
    TITLE       = {Six Years: The dematerialization of the art object from 1966 to 1972...},
    PUBLISHER   = {University of California Press},
    ADDRESS     = {Berkeley, CA},
    YEAR        = {1973}
}

@inproceedings{liskov1988promises,
    AUTHOR      = {Liskov, Barbara and Shrira, Liuba},
    TITLE       = {{Promises: Linguistic Support for Efficient Asynchronous Procedure Calls in Distributed Systems}},
    BOOKTITLE   = {ACM SIGPLAN Notices},
    VOLUME      = {23},
    NUMBER      = {7},
    PAGES       = {260--267},
    YEAR        = {1988}
}

@article{loeb1991behaviorism,
    AUTHOR      = {Loeb, Arthur L.},
    TITLE       = {On Behaviorism, Causality and Cybernetics},
    JOURNAL     = {Leonardo},
    VOLUME      = {24},
    NUMBER      = {3},
    PAGES       = {299--302},
    YEAR        = {1991}
}

@article{loefgren1968axiomatic,
    AUTHOR      = {L{\"o}fgren, Lars},
    TITLE       = {An axiomatic explanation of complete self-reproduction},
    JOURNAL     = {Bulletin of Mathematical Biophysics},
    VOLUME      = {30},
    PAGES       = {415--425},
    YEAR        = {1968}
}

@incollection{loefgren1992complementarity,
    AUTHOR      = {L{\"o}fgren, Lars},
    TITLE       = {Complementarity in language; toward a general understanding},
    EDITOR      = {Carvallo, Marc E.},
    BOOKTITLE   = {Nature, Cognition and System II},
    PUBLISHER   = {Kluwer},
    ADDRESS     = {Dordrecht},
    PAGES       = {113--153},
    YEAR        = {1992}
}

@incollection{lopez2014music,
    AUTHOR      = {Francisco L{\'o}pez},
    TITLE       = {Music Dematerialized?},
    EDITOR      = {Carvalhais, Miguel and Pedro Tudela},
    BOOKTITLE   = {Mono \#2 - Cochlear Poetics: Writings on Music and Sound Arts},
    PUBLISHER   = {i2ADS},
    ADDRESS     = {Porto},
    PAGES       = {95--102},
    YEAR        = {2014}
}

@article{loy1985programming,
    AUTHOR      = {Loy, Gareth and Abbott, Curtis},
    TITLE       = {{Programming Languages for Computer Music Synthesis, Performance, and Composition}},
    JOURNAL     = {{ACM Computing Surveys (CSUR)}},
    VOLUME      = {17},
    NUMBER      = {2},
    PAGES       = {235--265},
    YEAR        = {1985},
    doi         = {10.1145/4468.4485}
}

@incollection{loy1989composing,
    AUTHOR      = {Loy, Gareth},
    TITLE       = {Composing with computers: A survey of some compositional formalisms and music programming languages},
    BOOKTITLE   = {Current directions in computer music research},
    EDITOR      = {Mathews, Max V. and Pierce, John R.},
    PUBLISHER   = {MIT Press},
    ADDRESS     = {Cambridge, MA},
    YEAR        = {1989},
    PAGES       = {291--396}
}

@article{luhmann1989law,
    AUTHOR      = {Luhmann, Niklas},
    TITLE       = {Law as a Social System},
    JOURNAL     = {Northwestern University Law Review},
    VOLUME      = {83},
    NUMBER      = {1 \& 2},
    PAGES       = {136--150},
    YEAR        = {1989}
}

@article{luhmann1991operational,
    AUTHOR      = {Luhmann, Niklas},
    TITLE       = {Operational closure and structural coupling: the differentiation of the legal system},
    JOURNAL     = {Cardozo L. Rev.},
    VOLUME      = {13},
    PAGES       = {1419--1441},
    YEAR        = {1991}
}

@article{luhmann1993deconstruction,
    AUTHOR      = {Luhmann, Niklas},
    TITLE       = {{Deconstruction as Second-Order Observing}},
    JOURNAL     = {New Literary History},
    VOLUME      = {24},
    NUMBER      = {4},
    PAGES       = {763--782},
    YEAR        = {1993}
}

@article{luhmann1995paradoxy,
    AUTHOR      = {Luhmann, Niklas},
    TITLE       = {{The Paradoxy of Observing Systems}},
    JOURNAL     = {Cultural Critique},
    VOLUME      = {31},
    PAGES       = {37--55},
    YEAR        = {1995}
}

@book{luhmann1997kunst,
    AUTHOR      = {Luhmann, Niklas},
    TITLE       = {{Die Kunst der Gesellschaft}},
    PUBLISHER   = {Suhrkamp Verlag},
    ADDRESS     = {Frankfurt a.M.},
    YEAR        = {1997}
}

@incollection{luhmann1999paradox,
    AUTHOR      = {Luhmann, Niklas},
    TITLE       = {{The Paradox of Form}},
    EDITOR      = {Dirk Baecker},
    BOOKTITLE   = {{Problems of Form}},
    PUBLISHER   = {Stanford University Press},
    ADDRESS     = {Stanford},
    PAGES       = {15--26},
    YEAR        = {1999}
}

@book{luhmann2000art,
    AUTHOR      = {Luhmann, Niklas},
    TITLE       = {{Art as a Social System}},
    TRANSLATOR  = {Knock, Eva M.},
    PUBLISHER   = {Stanford University Press},
    ADDRESS     = {Stanford},
    YEAR        = {2000}
}

@incollection{lyotard1988oikos,
    AUTHOR      = {Lyotard, Jean-FranÃ§ois},
    TITLE       = {Oikos},
    BOOKTITLE   = {Political writings},
    TRANSLATOR  = {Readings, Bill},
    PUBLISHER   = {University of Minnesota Press},
    ADDRESS     = {Minneapolis},
    PAGES       = {96--107},
    ORIGDATE    = {1988},
    YEAR        = {1993}
}

@incollection{mackenzie2007protocols,
    AUTHOR      = {Mackenzie, Adrian},
    TITLE       = {Protocols and the Irreducible Traces of Embodiment: The {V}iterbi Algorithm and the Mosaic of Machine Time},
    BOOKTITLE   = {24 / 7. Time and Temporality in the Network Society},
    EDITOR      = {Hassan, Robert and Purser, Ronald E.},
    PUBLISHER   = {Stanford Business Books--Stanford University Press},
    ADDRESS     = {Stanford, CA},
    PAGES       = {89--105},
    YEAR        = {2007}
}

@manual{maier2009scalaswing,
    AUTHOR      = {Maier, Ingo},
    TITLE       = {The scala.swing package},
    EDITION     = {Scala Improvement Process (SID) \#8},
    MONTH       = {11},
    URL         = {http://www.scala-lang.org/sid/8},
    URLDATE     = {2013-06-29},
    YEAR        = {2009}
}

@article{maier2010deprecating,
    AUTHOR      = {Maier, Ingo and Rompf, Tiark and Odersky, Martin},
    TITLE       = {{Deprecating the Observer pattern}},
    JOURNAL     = {{T}echnical {R}eport {EPFL-REPORT-148043}. {Ecole Polytechnique F{\'e}d{\'e}rale de Lausanne}},
    YEAR        = {2010}
}

@article{maier2012deprecating,
    AUTHOR      = {Maier, Ingo and Odersky, Martin},
    TITLE       = {{Deprecating the Observer Pattern with Scala.React}},
    JOURNAL     = {{T}echnical {R}eport {EPFL-REPORT-176887}. {Ecole Polytechnique F{\'e}d{\'e}rale de Lausanne}},
    YEAR        = {2012}
}

@book{manovich2013software,
    AUTHOR      = {Manovich, Lev},
    TITLE       = {Software Takes Command},
    PUBLISHER   = {Bloomsbury Academic},
    ADDRESS     = {New York},
    YEAR        = {2013}
}

@book{marsden2000representing,
    AUTHOR      = {Marsden, Alan},
    TITLE       = {Representing musical time: a temporal-logic approach},
    PUBLISHER   = {Swets \& Zeitlinger Publishers},
    ADDRESS     = {Lisse},
    YEAR        = {2000}
}

@article{mccartney2002rethinking,
    AUTHOR      = {McCartney, James},
    TITLE       = {Rethinking the {C}omputer {M}usic {L}anguage: {S}uper{C}ollider},
    JOURNAL     = {Computer Music Journal},
    VOLUME      = {26},
    NUMBER      = {4},
    PAGES       = {61--68},
    YEAR        = {2002}
}

@inproceedings{mcdirmid2007living,
    AUTHOR      = {McDirmid, Sean},
    TITLE       = {Living it up with a Live Programming Language},
    BOOKTITLE   = {ACM SIGPLAN Notices},
    VOLUME      = {42},
    NUMBER      = {10},
    PAGES       = {623--638},
    YEAR        = {2007}
}

@inproceedings{mcdirmid2013usable,
    AUTHOR      = {McDirmid, Sean},
    TITLE       = {Usable live programming},
    BOOKTITLE   = {SPLASH Onward! Proceedings of the 2013 ACM international symposium on New ideas, new paradigms, and reflections on programming \& software},
    PAGES       = {53--62},
    YEAR        = {2013},
    doi         = {10.1145/2509578.2509585}
}

@book{mersch2015epistemologien,
    AUTHOR      = {Mersch, Dieter},
    TITLE       = {{E}pistemologien des {Ã}sthetischen},
    PUBLISHER   = {diaphanes},
    ADDRESS     = {ZÃ¼rich and Berlin},
    YEAR        = {2015}
}

@article{meyer1963end,
    AUTHOR      = {Meyer, Leonard B.},
    TITLE       = {{The End of the Renaissance?}},
    JOURNAL     = {The Hudson Review},
    VOLUME      = {16},
    NUMBER      = {2},
    PAGES       = {169--186},
    YEAR        = {1963}
}

@book{miller1960plans,
    AUTHOR      = {Miller, George A. and Galanter, Eugene and Pribram, Karl H.},
    TITLE       = {{Plans and the Structure of Behavior}},
    PUBLISHER   = {Holt, Rinehart and Winston, Inc.},
    ADDRESS     = {New York},
    YEAR        = {1960}
}

@book{mingers1995selfproducing,
    AUTHOR      = {Mingers, John},
    TITLE       = {{Self-Producing Systems: Implications and Applications of Autopoiesis}},
    PUBLISHER   = {Plenum Press},
    ADDRESS     = {New York},
    YEAR        = {1995}
}

@article{minsky1992conversation,
    AUTHOR      = {Minsky, Marvin L. and Laske, Otto},
    TITLE       = {{A Conversation with Marvin Minsky}},
    JOURNAL     = {AI Magazine},
    VOLUME      = {13},
    NUMBER      = {3},
    PAGES       = {31--45},
    YEAR        = {1992},
    doi         = {10.1609/aimag.v13i3.1009}
}

@incollection{minsky1992conversationb,
    AUTHOR      = {Minsky, Marvin and Laske, Otto},
    TITLE       = {A {C}onversation with {M}arvin {M}insky},
    BOOKTITLE   = {Understanding music with AI: perspectives on music cognition},
    EDITOR      = {Balaban, Mira and Ebcio{\u g}lu, Kemal and Laske, Otto},
    PUBLISHER   = {AAAI Press/MIT Press},
    ADDRESS     = {Menlo Park, CA and Cambridge, MA},
    YEAR        = {1992},
    PAGES       = {ix--xxx}
}

@article{miranda2009lovely,
    AUTHOR      = {Miranda, Eduardo R.},
    TITLE       = {{Lovely Algorithms, Hot Weather and Uninspiring Solfeggio}},
    JOURNAL     = {Contemporary Music Review},
    VOLUME      = {28},
    NUMBER      = {1},
    PAGES       = {120--121},
    YEAR        = {2009}
}

@article{mittelstrass2011transdisciplinarity,
    AUTHOR      = {Mittelstra{\ss}, J{\"u}rgen},
    TITLE       = {On transdisciplinarity},
    JOURNAL     = {Trames: A Journal of the Humanities and Social Sciences},
    VOLUME      = {15},
    NUMBER      = {4},
    PAGES       = {329--338},
    YEAR        = {2011}
}

@inproceedings{moors2008generics,
    AUTHOR      = {Moors, Adriaan and Piessens, Frank and Odersky, Martin},
    TITLE       = {{Generics of a Higher Kind}},
    BOOKTITLE   = {ACM SIGPLAN Notices},
    VOLUME      = {43},
    NUMBER      = {10},
    PAGES       = {423--438},
    YEAR        = {2008}
}

@article{mori2012uncanny,
    AUTHOR      = {Mori, Masahiro},
    TITLE       = {The Uncanny Valley},
    TRANSLATOR  = {MacDorman, Karl F. and Kageki, Norri},
    JOURNAL     = {IEEE Robotics \& Automation Magazine},
    VOLUME      = {19},
    NUMBER      = {2},
    PAGES       = {98--100},
    ORIGDATE    = {1994},
    OPTIONS     = {cmsdate=both},
    YEAR        = {2012},
    doi         = {10.1109/MRA.2012.2192811}
}

@inproceedings{moss1996approaches,
    AUTHOR      = {Moss, J. Eliot B. and Hosking, Antony L.},
    TITLE       = {{Approaches to Adding Persistence to Java}},
    BOOKTITLE   = {Proceedings of the First International Workshop on Persistence and Java},
    ADDRESS     = {Drymen, Scotland},
    YEAR        = {1996},
}

@inproceedings{nake2010paragraphs,
    AUTHOR      = {Nake, Frieder},
    TITLE       = {Paragraphs on computer art, past and present},
    BOOKTITLE   = {Proceedings of CAT 2010 London Conference},
    ADDRESS     = {London},
    PAGES       = {55--63},
    YEAR        = {2010}
}

@article{nathan2001field,
    AUTHOR      = {Nathan, Ran and Safriel, Uriel N. and Noy-Meir, Imanuel},
    TITLE       = {Field validation and sensitivity analysis of a mechanistic model for tree seed dispersal by wind},
    JOURNAL     = {Ecology},
    VOLUME      = {82},
    NUMBER      = {2},
    PAGES       = {374--388},
    YEAR        = {2001}
}

@book{nierhaus2009algorithmic,
    AUTHOR      = {Nierhaus, Gerhard},
    TITLE       = {Algorithmic Composition: Paradigms of Automated Music Generation},
    PUBLISHER   = {Springer-Verlag},
    ADDRESS     = {Vienna},
    YEAR        = {2009}
}

@book{noe2004action,
    AUTHOR      = {No{\"e}, Alva},
    TITLE       = {Action in Perception},
    PUBLISHER   = {MIT press},
    ADDRESS     = {Cambridge, MA},
    YEAR        = {2004}
}

@inproceedings{odersky2005scalable,
    AUTHOR      = {Odersky, Martin and Zenger, Matthias},
    TITLE       = {{Scalable Component Abstractions}},
    BOOKTITLE   = {ACM SIGPLAN Notices},
    VOLUME      = {40},
    NUMBER      = {10},
    PAGES       = {41--57},
    YEAR        = {2005}
}

@online{odersky2006brief,
    AUTHOR      = {Odersky, Martin},
    TITLE       = {{A Brief History of Scala}},
    URL         = {http://www.artima.com/weblogs/viewpost.jsp?thread=163733},
    URLDATE     = {2013-01-04},
    DATE        = {2006-06-09}
}

@techreport{odersky2006overview,
    AUTHOR      = {Odersky, Martin and Altherr, Philippe and Cremet, Vincent and Drago, Iulian and Dubochet, Gilles and Emir, Burak and McDirmid, Sean and Micheloud, St{\'e}phane and Mihaylov, Nikolay and Schinz, Michel and Stenman, Erik and Spoon, Lex and Zenger, Matthias},
    TITLE       = {An {O}verview of the {S}cala {P}rogramming {L}anguage},
    INSTITUTION = {{\'E}cole Polytechnique F{\'e}d{\'e}rale de Lausanne (EPFL)},
    NUMBER      = {LAMP-REPORT-2006-001},
    YEAR        = {2006}
}

@book{odersky2008programming,
    AUTHOR      = {Odersky, Martin and Spoon, Lex and Venners, Bill},
    TITLE       = {{Programming in Scala: a comprehensive step-by-step guide}},
    PUBLISHER   = {Artima Inc},
    ADDRESS     = {Mountain View, CA},
    YEAR        = {2008}
}

@book{okasaki1998purely,
    AUTHOR      = {Okasaki, Chris},
    TITLE       = {{Purely Functional Data Structures}},
    PUBLISHER   = {Cambridge University Press},
    ADDRESS     = {Cambridge},
    YEAR        = {1998}
}

@inproceedings{oliveira2010type,
    AUTHOR      = {Oliveira, Bruno C. d. S. and Moors, Adriaan and Odersky, Martin},
    TITLE       = {{Type Classes as Objects and Implicits}},
    BOOKTITLE   = {ACM Sigplan Notices -- OOPSLA '10},
    VOLUME      = {45},
    NUMBER      = {10},
    PAGES       = {341--360},
    YEAR        = {2010}
}

@inproceedings{opyrchal1999efficient,
    AUTHOR      = {Opyrchal, Lukasz and Prakash, Atul},
    TITLE       = {{Efficient Object Serialization in Java}},
    BOOKTITLE   = {Proceedings of the 19th IEEE International Conference on Distributed Computing Systems},
    PAGES       = {96--101},
    YEAR        = {1999},
}

@manual{oracle2006berkeley,
    TITLE       = {{Berkeley DB Java Edition Architecture}},
    EDITION     = {{An Oracle White Paper}},
    URL         = {http://www.oracle.com/technetwork/products/berkeleydb/learnmore/bdb-je-architecture-whitepaper-366830.pdf},
    URLDATE     = {2013-02-09},
    MONTH       = {9},
    YEAR        = {2006}
}

@techreport{palamidessi2001temporal,
    AUTHOR      = {Palamidessi, Catuscia and Valencia, Frank D.},
    TITLE       = {{A Temporal Concurrent Constraint Programming Calculus}},
    INSTITUTION = {{BRICS Basic Research in Computer Science}},
    NUMBER      = {RS-01-20},
    YEAR        = {2001}
}

@phdthesis{papadakis1993skip,
    AUTHOR      = {Papadakis, Thomas},
    TITLE       = {{Skip Lists and Probabilistic Analysis of Algorithms}},
    SCHOOL      = {University of Waterloo},
    ADDRESS     = {Waterloo, Ontario},
    YEAR        = {1993},
}

@article{parisi2011soft,
    AUTHOR      = {Parisi, Luciana and Portanova, Stamatia},
    TITLE       = {Soft thought (in architecture and choreography)},
    JOURNAL     = {Computational Culture},
    NUMBER      = {1},
    YEAR        = {2011}
}

@book{parisi2013contagious,
    AUTHOR      = {Parisi, Luciana},
    TITLE       = {Contagious architecture: computation, aesthetics, and space},
    PUBLISHER   = {MIT Press},
    ADDRESS     = {Cambridge, MA},
    YEAR        = {2013}
}

@article{pask1969meaning,
    AUTHOR      = {Pask, Gordon},
    TITLE       = {{The meaning of cybernetics in the behavioural sciences (The cybernetics of behaviour and cognition; extending the meaning of `goal')}},
    JOURNAL     = {{Progress of Cybernetics}},
    VOLUME      = {1},
    PAGES       = {15--44},
    YEAR        = {1969}
}

@incollection{pavon2014extimacy,
    AUTHOR      = {Pav{\'o}n-Cu{\'e}llar, David},
    TITLE       = {Extimacy},
    BOOKTITLE   = {Encyclopedia of Critical Psychology},
    EDITOR      = {Teo, Thomas},
    PUBLISHER   = {Springer},
    ADDRESS     = {New York},
    PAGES       = {661--664},
    YEAR        = {2014}
}

@article{pearce2002motivations,
    AUTHOR      = {Pearce, Marcus and Meredith, David and Wiggins, Geraint},
    TITLE       = {Motivations and {M}ethodologies for {A}utomation of the {C}ompositional {P}rocess},
    JOURNAL     = {Musicae Scientiae},
    VOLUME      = {6},
    NUMBER      = {2},
    PAGES       = {119--147},
    YEAR        = {2002}
}

@article{pearce2009beep,
    AUTHOR      = {Pearce, Marcus},
    TITLE       = {To {B}eep or {N}ot to {B}eep},
    JOURNAL     = {Contemporary Music Review},
    VOLUME      = {28},
    NUMBER      = {1},
    PAGES       = {125--126},
    YEAR        = {2009}
}

@book{peters2012bodily,
    AUTHOR      = {Peters, Deniz and Eckel, Gerhard and Dorschel, Andreas},
    TITLE       = {Bodily Expression in Electronic Music: Perspectives on Reclaiming Performativity},
    PUBLISHER   = {Routledge},
    ADDRESS     = {New York},
    YEAR        = {2012}
}

@book{pickering1995mangle,
     AUTHOR     = {Pickering, Andrew},
     TITLE      = {The Mangle of Practice: Time, Agency, and Science},
     PUBLISHER  = {University of Chicago Press},
     ADDRESS    = {Chicago},
     YEAR       = {1995}
}

@inproceedings{pluquet2009executing,
    AUTHOR      = {Pluquet, Fr{\'e}d{\'e}ric and Langerman, Stefan and Wuyts, Roel},
    TITLE       = {Executing code in the past: efficient in-memory object graph versioning},
    BOOKTITLE   = {ACM SIGPLAN Notices},
    VOLUME      = {44},
    NUMBER      = {10},
    PAGES       = {391--408},
    YEAR        = {2009}
}

@phdthesis{pluquet2012efficient,
    AUTHOR      = {Pluquet, Fr{\'e}d{\'e}ric},
    TITLE       = {{Efficient Object Versioning for Object-Oriented Languages from Model to Language Integration}},
    SCHOOL      = {Universit{\'e} Libre de Bruxelles},
    ADDRESS     = {Brussels},
    YEAR        = {2012}
}

@inproceedings{puckette1988patcher,
    AUTHOR      = {Puckette, Miller},
    TITLE       = {{The Patcher}},
    BOOKTITLE   = {Proceedings of the 24th {I}nternational {C}omputer {M}usic {C}onference ({ICMC})},
    ADDRESS     = {Cologne},
    PAGES       = {420--429},
    YEAR        = {1998}
}

@article{pugh1990skip,
    AUTHOR      = {Pugh, William},
    TITLE       = {{Skip Lists: A Probabilistic Alternative to Balanced Trees}},
    JOURNAL     = {Communications of the ACM},
    VOLUME      = {33},
    NUMBER      = {6},
    PAGES       = {668--676},
    YEAR        = {1990}
}

@inproceedings{rekimoto1999timemachine,
    AUTHOR      = {Rekimoto, Jun},
    TITLE       = {{Time-Machine Computing: A Time-centric Approach for the Information Environment}},
    BOOKTITLE   = {Proceedings of the 12th annual ACM symposium on User interface software and technology},
    ADDRESS     = {Asheville, NC},
    PAGES       = {45--54},
    YEAR        = {1999}
}

@book{rescher2006process,
    AUTHOR      = {Rescher, Nicholas},
    TITLE       = {Process Philosophical Deliberations},
    PUBLISHER   = {ontos verlag},
    ADDRESS     = {Heusenstamm},
    YEAR        = {2006}
}

@book{rheinberger1992experiment,
    AUTHOR      = {Rheinberger, Hans-J{\"o}rg},
    TITLE       = {{Experiment--Differenz--Schrift: zur Geschichte epistemischer Dinge}},
    PUBLISHER   = {Basilisken-Presse},
    ADDRESS     = {Marburg},
    YEAR        = {1992}
}

@incollection{rheinberger1994alles,
    AUTHOR      = {Rheinberger, Hans-J{\"o}rg},
    TITLE       = {Alles, was {\"u}berhaupt zu einer Inskription f{\"u}hren kann},
    BOOKTITLE   = {Iterationen},
    PUBLISHER   = {Merve Verlag},
    ADDRESS     = {Berlin},
    PAGES       = {9--29},
    ORIGDATE    = {1994},
    YEAR        = {2005}
}

@article{rheinberger1994experimental,
    AUTHOR      = {Rheinberger, Hans-J{\"o}rg},
    TITLE       = {{Experimental Systems: Historiality, Narration, and Deconstruction}},
    JOURNAL     = {Science in Context},
    VOLUME      = {7},
    NUMBER      = {1},
    PAGES       = {65--81},
    YEAR        = {1994}
}

@book{rheinberger1997toward,
    AUTHOR      = {Rheinberger, Hans-J{\"o}rg},
    TITLE       = {{Toward a History of Epistemic Things: Synthesizing Proteins in the Test Tube}},
    PUBLISHER   = {Stanford University Press},
    ADDRESS     = {Palo Alto},
    YEAR        = {1997}
}

@incollection{rheinberger1998experimental,
    AUTHOR      = {Rheinberger, Hans-J{\"o}rg},
    TITLE       = {Experimental Systems, Graphematic Spaces},
    BOOKTITLE   = {Inscribing Science: Scientific Texts and the Materiality of Communication},
    EDITOR      = {Lenoir, Timothy},
    PUBLISHER   = {Stanford University Press},
    ADDRESS     = {Palo Alto},
    PAGES       = {285--303},
    YEAR        = {1998}
}

@article{rheinberger2007manweiss,
    AUTHOR      = {Rheinberger, Hans-J{\"o}rg},
    TITLE       = {{Man weiss nicht genau, was man nicht weiss: Ãber die Kunst, das Unbekannte zu erforschen}},
    JOURNAL     = {Neue Z{\"u}richer Zeitung},
    DATE        = {2007-05-05}
}

@article{rheinberger2008epistemische,
    AUTHOR      = {Rheinberger, Hans-J{\"o}rg},
    TITLE       = {{E}pistemische {D}inge---{T}echnische {D}inge},
    JOURNAL     = {{B}ochumer {K}olloquium {M}edienwissenschaft},
    ADDRESS     = {Ruhr-Universit{\"a}t Bochum},
    URL         = {http://vimeo.com/2351486},
    URLDATE     = {2016-04-08},
    DATE        = {2008-07-02}
}

@incollection{rheinberger2010making,
    AUTHOR      = {Rheinberger, Hans-J{\"o}rg},
    TITLE       = {Making Visible. Visualization in the Sciences--and in Exhibitions?},
    BOOKTITLE   = {The Exhibition as Product and Generator of Scholarship},
    EDITOR      = {Lehmann-Brauns, Susanne and Sichau, Christian and Trischler, Helmuth},
    PUBLISHER   = {Max Planck Institute for the History of Science},
    ADDRESS     = {Berlin},
    pages       = {9--24},
    YEAR        = {2010}
}

@incollection{rheinberger2013forming,
    TITLE       = {Forming and Being Informed: Hans-J{\"o}rg Rheinberger in conversation with Michael Schwab},
    BOOKTITLE   = {Experimental Systems. Future Knowledge in Artistic Research},
    EDITOR      = {Schwab, Michael},
    PUBLISHER   = {Leuven University Press},
    ADDRESS     = {Leuven},
    PAGES       = {198--219},
    YEAR        = {2013}
}

@inproceedings{rocchesso1994circulant,
    AUTHOR      = {Rocchesso, Davide and Smith, Julius O.},
    TITLE       = {Circulant {F}eedback {D}elay {N}etworks for {S}ound {S}ynthesis and {P}rocessing},
    BOOKTITLE   = {Proceedings of the 20th International Computer Music Conference (ICMC)},
    ADDRESS     = {Aarhus, DK},
    PAGES       = {378--381},
    YEAR        = {1994}
}

@article{roettgers1983ursprung,
    AUTHOR      = {R{\"o}ttgers, Kurt},
    TITLE       = {{Der Ursprung der Prozessidee aus dem Geiste der Chemie}},
    JOURNAL     = {Archiv f{\"u}r Begriffsgeschichte},
    VOLUME      = {27},
    PAGES       = {93--157},
    YEAR        = {1983}
}

@inproceedings{rompf2009implementing,
    AUTHOR      = {Rompf, Tiark and Maier, Ingo and Odersky, Martin},
    TITLE       = {{Implementing First-Class Polymorphic Delimited Continuations by a Type-Directed Selective CPS-Transform}},
    BOOKTITLE   = {ACM SIGPLAN Notices},
    VOLUME      = {44},
    NUMBER      = {9},
    PAGES       = {317--328},
    YEAR        = {2009}
}

@inproceedings{rompf2010lightweight,
    AUTHOR      = {Rompf, Tiark and Odersky, Martin},
    TITLE       = {Lightweight Modular Staging: A Pragmatic Approach to Runtime Code Generation and Compiled DSLs},
    BOOKTITLE   = {ACM SIGPLAN Notices},
    VOLUME      = {46},
    NUMBER      = {2},
    PAGES       = {127--136},
    YEAR        = {2010}
}

@book{rosenberg2010cartographies,
    AUTHOR      = {Rosenberg, Daniel and Grafton, Anthony},
    TITLE       = {Cartographies of Time: A History of the Timeline},
    PUBLISHER   = {Princeton Architectural Press},
    ADDRESS     = {New York},
    YEAR        = {2010}
}

@article{rosenblueth1943behavior,
    AUTHOR      = {Rosenblueth, Arturo and Wiener, Norbert and Bigelow, Julian},
    TITLE       = {{Behavior, Purpose and Teleology}},
    JOURNAL     = {{Philosophy of Science}},
    VOLUME      = {10},
    NUMBER      = {1},
    PAGES       = {18--24},
    YEAR        = {1943}
}

@article{ryan2008systems,
    AUTHOR      = {Ryan, Alex},
    TITLE       = {{What is a Systems Approach?}},
    JOURNAL     = {{Arxiv preprint arXiv:0809.1698}},
    YEAR        = {2008}
}

@techreport{salvaneschi2012rescala,
    AUTHOR      = {Salvaneschi, Guido and Hintz, Gerold and Mezini, Mira},
    TITLE       = {{REScala: Bridging Between Object-oriented and Functional Style in Reactive Applications}},
    INSTITUTION = {Technische Universit{\"a}t Darmstadt},
    ADDRESS     = {Darmstadt},
    YEAR        = {2012}
}

@techreport{salzberg1995branched,
    AUTHOR      = {Salzberg, Betty and Lomet, David},
    TITLE       = {Branched and {T}emporal {I}ndex {S}tructures},
    INSTITUTION = {Northeastern University},
    NUMBER      = {NU-CCS-95-17},
    ADDRESS     = {Boston},
    YEAR        = {1995}
}

@article{salzberg1999comparison,
    AUTHOR      = {Salzberg, Betty and Tsotras, Vassilis J.},
    TITLE       = {{Comparison of Access Methods for Time-Evolving Data}},
    JOURNAL     = {ACM Computing Surveys},
    VOLUME      = {31},
    NUMBER      = {2},
    PAGES       = {158--221},
    YEAR        = {1999}
}

@article{samet1988overview,
    AUTHOR      = {Samet, Hanan},
    TITLE       = {An overview of quadtrees, octrees, and related hierarchical data structures},
    JOURNAL     = {NATO ASI Series},
    VOLUME      = {F40},
    PAGES       = {51--68},
    YEAR        = {1988}
}

@incollection{samet1995spatial,
    AUTHOR      = {Samet, Hanan},
    TITLE       = {{Spatial Data Structures}},
    EDITOR      = {Kim, Won},
    BOOKTITLE   = {Modern Database Systems: The Object Model, Interoperability and Beyond},
    PUBLISHER   = {ACM Press and Addison-Wesley},
    ADDRESS     = {New York},
    PAGES       = {361--385},
    YEAR        = {1995}
}

@article{sanfilippo2013feedback,
    AUTHOR      = {Sanfilippo, Dario and Valle, Andrea},
    TITLE       = {Feedback systems: An analytical framework},
    JOURNAL     = {Computer Music Journal},
    VOLUME      = {37},
    NUMBER      = {2},
    PAGES       = {12--27},
    YEAR        = {2013}
}

@article{sarnak1986planar,
    AUTHOR      = {Sarnak, Neil and Tarjan, Robert E.},
    TITLE       = {{Planar Point Location Using Persistent Search Trees}},
    JOURNAL     = {Communications of the ACM},
    VOLUME      = {29},
    NUMBER      = {7},
    PAGES       = {669--679},
    YEAR        = {1986}
}

@book{schaeffer1977traite,
    AUTHOR      = {Schaeffer, Pierre},
    TITLE       = {{Trait{\'e} des objets musicaux}},
    SUBTITLE    = {essai interdisciplines},
    PUBLISHER   = {{Editions du Seuil}},
    ADDRESS     = {Paris},
    ORIGDATE    = {1966},
    YEAR        = {1977}
}

@article{schottstaedt1994machine,
    AUTHOR      = {Schottstaedt, Bill},
    TITLE       = {{Machine Tongues XVII: CLM: Music V Meets Common Lisp}},
    JOURNAL     = {Computer Music Journal},
    VOLUME      = {18},
    NUMBER      = {2},
    PAGES       = {30--37},
    YEAR        = {1994},
}

@online{schwab2003early,
    AUTHOR      = {Schwab, Michael},
    TITLE       = {Early Computer Art and the Meaning of Information},
    URL         = {http://seriate.net/Early_Computer_Art.pdf},
    URLDATE     = {2015-10-12},
    YEAR        = {2003}
}

@incollection{schwab2009zweite,
    AUTHOR      = {Schwab, Michael},
    TITLE       = {{Das zweite zuerst: Die supplement{\"a}re Funktion der Forschung in der Kunst}},
    EDITOR      = {Caduff, Corina and Siegenthaler, Fiona and W{\"a}chli, Tan}, 
    BOOKTITLE   = {Kunst und K{\"u}nstlerische Forschung},
    SERIES      = {Z{\"u}rcher Jahrbuch der K{\"u}nste},
    VOLUME      = {6},
    PUBLISHER   = {Scheidegger \& Spiess},
    ADDRESS     = {Z{\"u}rich},
    PAGES       = {60--71},
    YEAR        = {2009}
}

@book{schwab2013experimental,
    TITLE       = {Experimental Systems. Future Knowledge in Artistic Research},
    EDITOR      = {Schwab, Michael},
    PUBLISHER   = {Leuven University Press},
    ADDRESS     = {Leuven},
    YEAR        = {2013}
}

@article{schwarz2006concatenative,
    AUTHOR      = {Schwarz, Diemo},
    TITLE       = {Concatenative sound synthesis: The early years},
    JOURNAL     = {Journal of New Music Research},
    VOLUME      = {35},
    NUMBER      = {1},
    PAGES       = {3--22},
    YEAR        = {2006}
}

@article{shannon1948mathematical,
    AUTHOR      = {Shannon, Claude E.},
    TITLE       = {{A Mathematical Theory of Communication}},
    JOURNAL     = {Bell System Technical Journal},
    VOLUME      = {27},
    NUMBER      = {3},
    PAGES       = {379--423},
    YEAR        = {1948}
}

@techreport{shapiro1969representation,
    AUTHOR      = {Shapiro, Robert M. and Saint, Harry},
    TITLE       = {The Representation of Algorithms},
    INSTITUTION = {Applied Data Research, Inc.},
    NUMBER      = {RADC-TR-69-313, Vol. II},
    YEAR        = {1969}
}

@phdthesis{shapley2012sound,
    AUTHOR      = {Shapley, Gregory James},
    TITLE       = {Sound of Failure: Experimental electronic music in our post-digital era},
    SCHOOL      = {University of Technology},
    ADDRESS     = {Sydney},
    URL         = {http://hdl.handle.net/10453/21813},
    URLDATE     = {2015-04-01},
    YEAR        = {2012}
}

@article{sleator1985selfadjusting,
    AUTHOR      = {Sleator, Daniel D. and Tarjan, Robert E.},
    TITLE       = {{Self-Adjusting Binary Search Trees}},
    JOURNAL     = {Journal of the ACM (JACM)},
    VOLUME      = {32},
    NUMBER      = {3},
    PAGES       = {652--686},
    YEAR        = {1985}
}

@article{snodgrass1985taxonomy,
    AUTHOR      = {Snodgrass, Richard T. and Ahn, Ilsoo},
    TITLE       = {A Taxonomy of Time in Databases},
    JOURNAL     = {ACM Special Interest Group on Management of Data (SIGMOD) Record},
    VOLUME      = {14},
    NUMBER      = {4},
    PAGES       = {236--246},
    YEAR        = {1985}
}

@book{spencerbrown1979laws,
    AUTHOR      = {Spencer-Brown, George},
    TITLE       = {{Laws of Form}},
    PUBLISHER   = {E.P. Dutton},
    ADDRESS     = {New York},
    ORIGDATE    = {1969},
    YEAR        = {1979}
}

@article{taube1991common,
    AUTHOR      = {Taube, Heinrich},
    TITLE       = {{Common Music: A Music Composition Language in Common Lisp and CLOS}},
    JOURNAL     = {Computer Music Journal},
    VOLUME      = {15},
    NUMBER      = {2},
    PAGES       = {21--32},
    YEAR        = {1991},
}

@inproceedings{tichy1982design,
    AUTHOR      = {Tichy, Walter F.},
    TITLE       = {{Design, Implementation, and Evaluation of a Revision Control System}},
    BOOKTITLE   = {Proceedings of the 6th international conference on Software engineering {ICSE}},
    ORGANIZATION = {IEEE},
    ADDRESS     = {Tokyo},
    PAGES       = {58--67},
    YEAR        = {1982}
}

@article{truax1976communicational,
    AUTHOR      = {Truax, Barry},
    TITLE       = {{A Communicational Approach to Computer Sound Programs}},
    JOURNAL     = {Journal of Music Theory},
    VOLUME      = {20},
    NUMBER      = {2},
    PAGES       = {227--300},
    YEAR        = {1976}
}

@book{tsang1993foundations,
    AUTHOR      = {Tsang, Edward},
    TITLE       = {Foundations of Constraint Satisfaction},
    PUBLISHER   = {Academic Press},
    ADDRESS     = {London},
    YEAR        = {1993}
}

@article{tsotras1998extensible,
    AUTHOR      = {Tsotras, Vassilis J. and Jensen, Christian S. and Snodgrass, Richard T.},
    TITLE       = {{An Extensible Notation for Spatiotemporal Index Queries}},
    JOURNAL     = {ACM Special Interest Group on Management of Data (SIGMOD) Record},
    VOLUME      = {27},
    NUMBER      = {1},
    PAGES       = {47--53},
    YEAR        = {1998}
}

@manual{typesafe2012akka,
    TITLE       = {Akka Documentation},
    EDITION     = {Release 2.1.0},
    ORGANIZATION = {Typesafe Inc},
    URL         = {http://doc.akka.io/docs/akka/2.1.0/Akka.pdf},
    URLDATE     = {2013-01-14},
    DATE        = {2012-03-08}
}

@incollection{roy2009programming,
    AUTHOR      = {Van Roy, Peter},
    TITLE       = {{Programming Paradigms for Dummies: What Every Programmer Should Know}},
    EDITOR      = {Assayag, G{\'e}rard and Gerzso, Andrew},
    BOOKTITLE   = {{New Computational Paradigms for Computer Music}},
    PUBLISHER   = {IRCAM/{\'E}ditions Delatour France},
    ADDRESS     = {Paris/Sampzon},
    PAGES       = {9--47},
    YEAR        = {2009}
}

@article{vandertuin2010transversality,
    AUTHOR      = {van der Tuin, Iris and Dolphijn, Rick},
    TITLE       = {The {T}ransversality of {N}ew {M}aterialism},
    JOURNAL     = {Women: A Cultural Review},
    VOLUME      = {21},
    NUMBER      = {2},
    PAGES       = {153--171},
    YEAR        = {2010},
    doi         = {10.1080/09574042.2010.488377}
}

@article{varela1975calculus,
    AUTHOR      = {Varela, Francisco J.},
    TITLE       = {{A Calculus for Self-Reference}},
    JOURNAL     = {{International Journal of General Systems}},
    VOLUME      = {2},
    NUMBER      = {1},
    PAGES       = {5--24},
    YEAR        = {1975}
}

@incollection{varela1981autonomy,
    AUTHOR      = {Varela, Francisco J.},
    TITLE       = {{Autonomy and Autopoiesis}},
    EDITOR      = {Roth, Gerhard and Schwegler, Helmut},
    BOOKTITLE   = {{Self-organizing Systems: An Interdisciplinary Approach}},
    PUBLISHER   = {{Campus Verlag}},
    ADDRESS     = {Frankfurt and New York},
    PAGES       = {14--23},
    YEAR        = {1981}
}

@online{venners2009abstract,
    AUTHOR      = {Venners, Bill},
    TITLE       = {{Abstract Type Members versus Generic Type Parameters in Scala}},
    URL         = {http://www.artima.com/weblogs/viewpost.jsp?thread=270195},
    URLDATE     = {2013-01-08},
    DATE        = {2009-10-07}
}

@inproceedings{wadler1989adhoc,
    AUTHOR      = {Wadler, Philip and Blott, Stephen},
    TITLE       = {How to make \emph{ad-hoc} polymorphism less \emph{ad hoc}},
    BOOKTITLE   = {Proceedings of the 16th ACM SIGPLAN-SIGACT Symposium on Principles of Programming Languages},
    ADDRESS     = {Austin, TX},
    PAGES       = {60--76},
    YEAR        = {1989}
}

@article{walther2004big,
    AUTHOR      = {Walther, Bo Kampmann},
    TITLE       = {{Big Theory-Strong Theory: The Ontological Ghost of Post-Ontological Epistemology}},
    JOURNAL     = {Cybernetics \& Human Knowing},
    VOLUME      = {11},
    NUMBER      = {3},
    PAGES       = {30--55},
    YEAR        = {2004}
}

@article{weiser1993some,
    AUTHOR      = {Weiser, Mark},
    TITLE       = {Some computer science issues in ubiquitous computing},
    JOURNAL     = {Communications of the ACM},
    VOLUME      = {36},
    NUMBER      = {7},
    PAGES       = {75--84},
    YEAR        = {1993},
    doi         = {10.1145/159544.159617}
}

@book{wiener1948cybernetics,
    AUTHOR      = {Wiener, Norbert},
    TITLE       = {Cybernetics},
    SUBTITLE    = {or Control and Communication in the Animal and the Machine},
    PUBLISHER   = {John Wiley \& Sons},
    ADDRESS     = {New York},
    YEAR        = {1948}
}

@book{williams2003deleuze,
    AUTHOR      = {Williams, James},
    TITLE       = {Gilles Deleuze's \emph{Difference and Repetition}: a Critical Introduction and Guide},
    PUBLISHER   = {Edinburgh University Press},
    ADDRESS     = {Edinburgh},
    YEAR        = {2003}
}

@book{wirth1976algorithms,
    AUTHOR      = {Wirth, Niklaus},
    TITLE       = {Algorithms + Data Structures = Programs},
    PUBLISHER   = {Prentice-Hall},
    ADDRESS     = {Englewood Cliffs, NJ},
    YEAR        = {1976}
}

@book{xenakis1992formalized,
    AUTHOR      = {Xenakis, Iannis},
    TITLE       = {{Formalized Music}},
    SUBTITLE    = {Thought and mathematics in composition},
    EDITION     = {Revised Edition},
    PUBLISHER   = {Pendragon Press},
    ADDRESS     = {Stuyvesant, NY},
    YEAR        = {1992}
}
