@mastersthesis{rutz2004meloncillo,
    AUTHOR      = {Rutz, Hanns Holger},
    TITLE       = {Meloncillo. Eine graphische Benutzeroberfläche zur musikalischen Raumklangsteuerung mit Implementierung einer OSC-Schnittstelle zur Klangsynthese},
    SCHOOL      = {Technical University of Berlin},
    YEAR        = {2004}
}

@inproceedings{gulden2007proposal,
    AUTHOR      = {Gulden, Jens and Rutz, Hanns Holger},
    TITLE       = {Proposal for an XML format representing Time, Positions and Parts of Audio Waveforms},
    BOOKTITLE   = {Proceedings of the Linux Audio Conference},
    ADDRESS     = {Berlin},
    YEAR        = {2007},
    PAGES       = {1--12}
}

@inproceedings{rutz2010traceability,
    AUTHOR      = {Rutz, Hanns Holger and Miranda, Eduardo and Eckel, Gerhard},
    TITLE       = {{On the Traceability of the Compositional Process}},
    BOOKTITLE   = {Proceedings of the 7th Sound an Music Computing Conference (SMC)},
    ADDRESS     = {Barcelona},
    PAGES       = {38:1--38:7},
    YEAR        = {2010}
}

@inproceedings{rutz2010rethinking,
    AUTHOR      = {Rutz, Hanns Holger},
    TITLE       = {{Rethinking the SuperCollider Client\ldots}},
    BOOKTITLE   = {Proceedings of the SuperCollider Symposium},
    ADDRESS     = {Berlin},
    YEAR        = {2010}
}

@inproceedings{rutz2011limits,
    AUTHOR      = {Rutz, Hanns Holger},
    TITLE       = {{Limits of Control}},
    BOOKTITLE   = {Proceedings of the 8th Sound and Music Computing Conference (SMC)},
    ADDRESS     = {Padova},
    PAGES       = {132:1--132:6},
    YEAR        = {2011}
}

@inproceedings{rutz2011reproducibility,
    AUTHOR      = {Rutz, Hanns Holger and Miranda, Eduardo and Eckel, Gerhard},
    TITLE       = {{Reproducibility and Random Access in Sound Synthesis}},
    BOOKTITLE   = {Proceedings of the 37th International Computer Music Conference},
    ADDRESS     = {Huddersfield},
    PAGES       = {515--522},
    YEAR        = {2011},
    URL         = {http://hdl.handle.net/2027/spo.bbp2372.2011.104}
}

@incollection{rutz2011swingosc,
    AUTHOR      = {Rutz, Hanns Holger},
    TITLE       = {{SwingOSC}},
    BOOKTITLE   = {{The SuperCollider Book}},
    EDITOR      = {Wilson, Scott and Cottle, David and Collins, Nick},
    PUBLISHER   = {MIT Press},
    ADDRESS     = {Cambridge, MA},
    PAGES       = {305--338},
    YEAR        = {2011}
}

@article{rutz2012composing,
    AUTHOR      = {Rutz, Hanns Holger},
    TITLE       = {{Composing Alongside Paradoxes}},
    KEYWORDS    = {artistic},
    JOURNAL     = {Explore Dream Discover: Journal of the Peninsula Contemporary Music Festival},
    PAGES       = {5},
    YEAR        = {2012}
}
    
@inproceedings{rutz2012reactive,
    AUTHOR      = {Rutz, Hanns Holger},
    TITLE       = {{A Reactive, Confluently Persistent Framework for the Design of Computer Music Systems}},
    BOOKTITLE   = {Proceedings of the 9th Sound and Music Computing Conference (SMC)},
    ADDRESS     = {Copenhagen},
    PAGES       = {121--129},
    YEAR        = {2012}
}

@inproceedings{rutz2012sound,
    AUTHOR      = {Rutz, Hanns Holger},
    TITLE       = {{Sound Similarity as Interface between Human and Machine in Electroacoustic Composition}},
    BOOKTITLE   = {Proceedings of the 38th International Computer Music Conference},
    ADDRESS     = {Ljubljana},
    PAGES       = {212--219},
    YEAR        = {2012},
    URL         = {http://hdl.handle.net/2027/spo.bbp2372.2012.039}
}

@inproceedings{rutz2013sysson,
    AUTHOR      = {Rutz, Hanns Holger and Vogt, Katherina and Goudarzi, Visda and Jury, Martin and Steiner, Andrea K.},
    TITLE       = {{SysSon:} A Systematic Design for the Sonification of Radio Occultation Data},
    BOOKTITLE   = {Joint OPAC-5 \& IROWG-3 International Workshop on Occultations for Probing Atmosphere and Climate},
    ADDRESS     = {Leibnitz, AT},
    YEAR        = {2013}
}

@inproceedings{goudarzi2013user,
    AUTHOR      = {Goudarzi, Visda and Rutz, Hanns Holger and Vogt, Katharina},
    TITLE       = {User Centered Audio Interface for Climate Science},
    BOOKTITLE   = {Proceedings of the 4th Interactive Sonification Workshop},
    ADDRESS     = {Erlangen},
    YEAR        = {2013},
    PAGES       = {17--20}
}

@article{rutz2014generalities,
    AUTHOR      = {Rutz, Hanns Holger},
    TITLE       = {Particularities and Generalities. Considerations on the Sound Composition},
    KEYWORDS    = {artistic},
    JOURNAL     = {Forecast:Turbulence. Workshop:Exhibition},
    PAGES       = {64--67},
    YEAR        = {2014}
}

@phdthesis{rutz2014tracing,
    AUTHOR      = {Rutz, Hanns Holger},
    TITLE       = {Tracing the Compositional Process. Sound art that rewrites its own past: formation, praxis and a computer framework},
    SCHOOL      = {Plymouth University},
    ADDRESS     = {UK},
    YEAR        = {2014},
    URL         = {http://hdl.handle.net/10026.1/3116}
}

@inproceedings{rutz2014sound,
    AUTHOR      = {Rutz, Hanns Holger},
    TITLE       = {Sound Processes: A New Computer Music Framework},
    BOOKTITLE   = {Proceedings of the Joint 11th Sound and Music Computing Conference and the 40th International Computer Music Conference},
    ADDRESS     = {Athens},
    PAGES       = {1618--1626},
    YEAR        = {2014},
    URL         = {http://hdl.handle.net/2027/spo.bbp2372.2014.245}
}

@incollection{rutz2015harnik,
    AUTHOR      = {Harnik, Elisabeth and Rutz, Hanns Holger and Nierhaus, Gerhard},
    TITLE       = {{Elisabeth Harnik/Improvisational Re-assemblies}},
    BOOKTITLE   = {Patterns of Intuition. Musical Creativity in the Light of Algorithmic Composition},
    EDITOR      = {Nierhaus, Gerhard},
    PUBLISHER   = {Springer},
    ADDRESS     = {New York},
    PAGES       = {9--32},
    YEAR        = {2015},
    doi         = {10.1007/978-94-017-9561-6_2}
}

@incollection{rutz2015reiter,
    AUTHOR      = {Reiter, Eva and Rutz, Hanns Holger and Nierhaus, Gerhard},
    TITLE       = {{Eva Reiter/Wire Tapping the Machine}},
    BOOKTITLE   = {Patterns of Intuition. Musical Creativity in the Light of Algorithmic Composition},
    EDITOR      = {Nierhaus, Gerhard},
    PUBLISHER   = {Springer},
    ADDRESS     = {New York},
    PAGES       = {59--84},
    YEAR        = {2015},
    doi         = {10.1007/978-94-017-9561-6_4}
}

@incollection{rutz2015toufektsis,
    AUTHOR      = {Toufektsis, Orestis and Rutz, Hanns Holger and Nierhaus, Gerhard},
    TITLE       = {{Orestis Toufektsis/Chords in a Black Box}},
    BOOKTITLE   = {Patterns of Intuition. Musical Creativity in the Light of Algorithmic Composition},
    EDITOR      = {Nierhaus, Gerhard},
    PUBLISHER   = {Springer},
    ADDRESS     = {New York},
    PAGES       = {165--187},
    YEAR        = {2015},
    doi         = {10.1007/978-94-017-9561-6_8}
}

@incollection{rutz2015skoeld,
    AUTHOR      = {Sköld, Matthias and Rutz, Hanns Holger and Nierhaus, Gerhard},
    TITLE       = {{Matthias Sköld/A Topography of Personal Preferences}},
    BOOKTITLE   = {Patterns of Intuition. Musical Creativity in the Light of Algorithmic Composition},
    EDITOR      = {Nierhaus, Gerhard},
    PUBLISHER   = {Springer},
    ADDRESS     = {New York},
    PAGES       = {209--229},
    YEAR        = {2015},
    doi         = {10.1007/978-94-017-9561-6_10}
}

@inproceedings{rutz2015sysson,
    AUTHOR      = {Rutz, Hanns Holger and Vogt, Katharina and Höldrich, Robert},
    TITLE       = {The {SysSon} Platform: A computer music perspective of sonification},
    BOOKTITLE   = {Proceedings of the 21st International Conference on Auditory Display (ICAD)},
    PAGES       = {188--192},
    ADDRESS     = {Graz},
    YEAR        = {2015},
    URL         = {http://hdl.handle.net/1853/54126}
}

@article{rutz2016where,
    AUTHOR      = {Rutz, Hanns Holger and Pirrò, David},
    TITLE       = {Where Sounds Dwell},
    KEYWORDS    = {artistic},                              
    JOURNAL     = {Rose of the Winds (Catalogue)},
    ADDRESS     = {Graz},
    PUBSTATE    = {forthcoming},
    YEAR        = {2016}
}

@inproceedings{rutz2016marking,
    AUTHOR      = {Rutz, Hanns Holger},
    TITLE       = {Marking a Space of Algorithmicity},
    BOOKTITLE   = {Proceedings of 4th Conference on Computation, Communication, Aesthetics \& X (xCoAx)},
    ADDRESS     = {Bergamo},
    YEAR        = {2016}
}

@incollection{rutz2017machine,
     AUTHOR     = {Rutz, Hanns Holger},
     TITLE      = {``\ldots\ a new machine now arises''. Algorithms under Reconfiguration},
     BOOKTITLE  = {Transpositions},
     SERIES     = {Aesthetico-Epistemic Operators in Artistic Research},
     NUMBER     = {1},
     EDITOR     = {Schwab, Michael},
     PUBLISHER  = {Leuven University Press},
     ADDRESS    = {Leuven},
     PUBSTATE   = {forthcoming},
     YEAR       = {2017}
}
